2986 4912
281 303 344 374 196
591 322 622 369 m
644 322 781 371 mmmm
803 321 1053 370 commum

286 404 425 468 habeatis
445 411 479 469 et
499 405 539 468 In
558 407 675 468 mundo
700 425 882 486 pressuram
910 402 1070 467 habebitis.
1094 399 1212 465 Sensus
1240 406 1311 463 est:
1336 400 1430 463 Pres-

287 525 376 579 sura‚
398 525 463 587 qua
484 507 623 570 mundus
643 526 701 571 vos
723 512 833 588 anget,
851 525 962 587 pacem
983 525 1001 567 a
1023 524 1075 567 me
1095 503 1187 567 vobis
1207 508 1338 585 partam
1361 508 1431 564 tur·

287 607 367 670 bare
388 607 475 671 haud
496 608 628 689 poterit,
650 626 724 670 nam
745 627 799 688 eqo
819 606 884 668 vici
904 607 1066 669 mundum.

698 870 1016 924 -οωω-

654 1105 861 1156 cAPvr
917 1104 1064 1152 xvi!

396 1437 415 1518 1
448 1358 749 1522 Haeclocutus
776 1461 833 1523 est
866 1447 979 1520 lesus:
1012 1459 1050 1523 et
1083 1443 1282 1521 sublevatis
1312 1440 1428 1518 oculis

285 1581 322 1654 in
349 1582 504 1670 caelum,
518 1583 623 1658 dixit:
638 1581 748 1658 Pater
762 1584 862 1659 venit
875 1583 979 1668 hora,
995 1581 1151 1656 clarifica
1172 1580 1288 1655 filium
1304 1596 1425 1667 tuum,

286 1721 328 1784 ut
354 1710 450 1786 filius
467 1724 554 1786 tuus
590 1711 764 1786 clarificet
791 1724 841 1786 te:

391 1834 418 1912 2
446 1837 547 1913 Sicut
574 1838 705 1913 dedisti
743 1838 777 1913 ei
804 1849 1026 1934 potestatem
1062 1836 1180 1910 omnis
1208 1838 1359 1923 carnis,
1390 1852 1431 1913 ut

286 1989 407 2052 omne,
434 1967 531 2064 quod
549 1966 680 2041 dedisti
708 1966 755 2051 ei,
783 1966 846 2040 det
873 1966 926 2039 eis
945 1966 1058 2038 vitam
1093 1978 1295 2040 aeternam.

393 2086 418 2168 3
445 2091 542 2168 Haec
557 2104 614 2168 est
641 2104 765 2169 autem
793 2093 868 2167 vita
897 2104 1057 2168 aeterna:
1075 2090 1123 2166 Vt
1137 2105 1361 2190 cognoscant
1376 2106 1427 2179 te,

257 2214 403 2322 [solum
427 2221 542 2296 Deum
561 2245 702 2306 verum,
731 2235 769 2295 et
795 2244 904 2319 quem
920 2221 1050 2296 misisti
1080 2220 1201 2297 Iesum
1219 2219 1424 2297 Christum.

392 2343 418 2424 [ι
444 2348 522 2448 Ego
548 2361 586 2424 te
614 2350 808 2425 clarificavi
837 2374 945 2447 super
960 2361 1109 2425 terram:
1125 2373 1217 2448 opus
1249 2373 1422 2424 consum·

285 2476 395 2565 mavi,
422 2479 518 2575 quod
545 2478 678 2553 dedisti
705 2478 794 2552 mihi
822 2491 863 2552 ut
890 2477 1035 2553 faciam:

393 2599 418 2680 5
447 2620 485 2680 et
511 2631 607 2682 nunc
634 2606 791 2682 clarifica
833 2631 893 2683 me
926 2619 968 2682 tu
999 2607 1108 2682 Pater
1144 2607 1238 2705 apud
1276 2607 1427 2682 temeti-

287 2757 407 2831 psum,
432 2735 611 2822 claritate,
627 2759 736 2834 quam
755 2735 865 2810 habui
883 2736 997 2833 prius,
1012 2758 1121 2834 quam
1140 2735 1297 2811 mundus
1312 2747 1426 2819 esset,

288 2864 384 2961 apud
412 2877 462 2938 te.

392 2985 417 3064 6
445 2988 672 3067 Manifestavi
687 3016 819 3067 nomen
836 3006 940 3067 tuum
958 2993 1179 3076 hominibus,
1207 3015 1300 3090 quos
1324 2992 1425 3068 dedi-

285 3118 333 3191 sti
360 3118 449 3191 mihi
476 3121 521 3194 de
548 3122 695 3196 mundo:
725 3120 795 3194 Tui
822 3135 940 3207 erant,
964 3132 1002 3195 et
1029 3121 1118 3194 mihi
1137 3144 1200 3196 eos
1219 3120 1368 3197 dedisti:
1389 3133 1425 3195 et

285 3266 491 3319 sermonem
520 3258 623 3321 tuum
652 3260 902 3323 servaverunt.

389 3367 413 3446 7
442 3372 543 3448 Nunc
562 3387 809 3472 cognoverunt
823 3374 908 3472 quia
923 3375 1059 3461 omnia,
1079 3398 1172 3473 quae
1196 3375 1328 3450 dedisti
1362 3377 1424 3449 mi·

283 3498 334 3586 hi,
363 3499 428 3575 abs
454 3512 492 3575 te
508 3513 605 3576 sunt:

388 3621 414 3701 8
441 3631 525 3727 quia
543 3629 670 3715 verba,
689 3653 781 3727 quae
815 3630 946 3704 dedisti
974 3631 1077 3714 mihi,
1104 3631 1187 3705 dedi
1214 3632 1279 3720 eis:
1298 3643 1337 3706 et
1356 3632 1425 3729 ipsi

281 3771 512 3853 acceperunt,
541 3770 579 3831 et
593 3770 842 3854 cognoverunt
861 3782 946 3832 vere
966 3759 1048 3856 quia
1064 3784 1085 3833 a
1105 3772 1142 3834 te
1158 3760 1270 3845 exivi,
1290 3773 1330 3834 et
1345 3783 1426 3834 cre-

280 3882 449 3958 diderunt
476 3886 559 3982 quia
583 3898 623 3959 tu
653 3909 711 3960 me
741 3885 889 3959 misisti.

388 4004 412 4082 9
441 4010 517 4109 Ego
544 4035 609 4109 pro
637 4012 691 4084 eis
719 4036 822 4109 rogo:
852 4010 930 4086 Non
958 4037 1024 4109 pro
1058 4015 1191 4089 mundo
1223 4039 1333 4112 rogo,
1363 4016 1425 4091 sed

279 4159 345 4233 pro
372 4139 443 4225 his,
470 4163 561 4237 quos
575 4140 705 4215 dedisti
735 4141 834 4215 mihi:
865 4142 948 4238 quia
967 4143 1021 4215 tui
1050 4155 1145 4216 sunt:
