2986 4912
579 328 682 377 clem
704 329 863 378 ssnrmvu
1273 319 1312 386 sl

171 431 301 478 necesse
321 432 385 477 non
406 421 454 477 ost
474 415 506 475 id
528 416 648 493 lacere,
670 415 727 478 sed
747 417 854 479 solum
876 419 1098 497 quaerendum
1118 438 1202 500 quae
1216 438 1309 486 caus·

171 534 208 577 sa
230 514 330 577 luerit
350 533 411 577 cur
433 513 579 579 Christus
601 516 641 579 de
662 518 722 593 iis,
746 536 830 597 quae
851 526 1237 599 sequuntur,sermonem
1262 523 1309 585 in-

171 615 326 678 stituerit.
351 613 465 696 ltaque
487 618 727 681 meminerimus
748 624 786 682 ut
807 621 976 700 superiore
1000 640 1106 699 anno,
1139 641 1200 703 per
1222 609 1308 687 idem

172 715 237 777 hoo
257 715 413 778 sollemne
433 719 655 798 scenopegiae,
672 739 774 799 quum
789 717 936 783 Christus
951 723 1124 800 quemdam
1138 731 1309 803 aegrotum

173 823 316 880 sanasset
336 817 387 880 die
407 820 543 896 sabbati,
567 819 767 883 ludaeorum
786 821 947 901 primores
968 824 1138 885 consilium
1158 825 1310 888 iniverint

173 917 281 997 ipsum
302 919 513 983 interficiendi
526 918 578 1002 (1).
596 921 684 985 llaec
706 942 819 985 caussa
841 922 902 986 fuit
923 942 984 987 cur
1006 922 1153 988 Christus
1174 927 1232 989 illo
1254 945 1309 988 an-

173 1039 218 1082 no
238 1040 344 1100 neque
364 1024 405 1084 ad
425 1025 581 1087 sollemne
602 1026 761 1106 paschatis
783 1024 1043 1106 Hierosolymam
1063 1027 1260 1107 veneritll),
1277 1034 1309 1091 et

174 1121 216 1183 ad
236 1122 342 1202 ipsum
362 1125 424 1186 hoo
444 1126 600 1189 sollemne
621 1129 853 1208 scenopegiae,
876 1128 964 1207 quod
985 1134 1084 1206 tuno,
1106 1149 1208 1210 quum
1229 1132 1310 1194 haec

173 1222 381 1302 loqueretur,
404 1226 573 1305 agebatur,
596 1227 706 1290 venire
728 1246 792 1305 nna
814 1247 889 1290 cum
910 1230 975 1291 suis
997 1230 1206 1292 recusaverit.
1223 1229 1309 1312 Lege

174 1343 260 1404 quae
282 1326 421 1389 diximus
444 1328 482 1390 de
503 1347 534 1392 v.
558 1326 587 1393 6.
610 1326 658 1391 De
682 1330 747 1392 illis
773 1349 852 1393 vero
878 1328 1076 1393 ludaeorum
1101 1330 1310 1394 machinatio·

174 1428 270 1490 nibus
291 1435 362 1492 erat
381 1448 456 1492 sane
477 1449 538 1492 cur
560 1427 729 1508 Christus,
761 1438 800 1493 ut
820 1431 961 1511 primum
983 1432 1108 1494 occasio
1135 1433 1207 1495 data
1239 1441 1308 1511 est,

173 1549 251 1592 cum
272 1530 347 1611 ipsis
369 1532 603 1612 expostularet.
622 1531 856 1610 Quamobrem,
873 1540 912 1596 nt
931 1532 1193 1620 Hierosolymam
1213 1535 1310 1597 adve-

174 1631 235 1708 nit,
258 1632 290 1693 in
312 1631 417 1696 medio
438 1634 614 1709 sollemnis,
632 1633 671 1696 ad
687 1634 845 1714 templum
858 1633 1035 1709 adscendit,
1051 1633 1234 1714 auditisque
1253 1636 1312 1698 ho-

176 1732 317 1795 minibus
338 1732 377 1795 de
398 1733 498 1814 ipsius
521 1734 667 1798 doctrina
689 1734 925 1812 dubitantibus,
941 1735 989 1797 his
1003 1735 1109 1815 primo
1129 1736 1241 1814 paucis
1260 1754 1312 1798 re·
1365 1732 1368 1737 ’

174 1831 314 1911 spondit,
332 1833 551 1913 continuoque
560 1834 600 1895 ad
607 1834 690 1896 illud
704 1834 866 1897 netarium
881 1834 1051 1897 consilium
1065 1835 1194 1897 venitin
1205 1835 1311 1916 ipsum

176 1933 219 1995 ab
238 1932 329 1995 urbis
350 1934 550 2014 primoribus
572 1934 804 2014 excogitatum.
825 1932 941 2014 ltaque
962 1934 1043 2011 iniit,
1065 1953 1099 1997 se
1120 1935 1249 2013 quidem
1270 1937 1312 1998 ab

175 2035 253 2114 ipsis
274 2036 436 2098 calumnia
457 2035 497 2098 de
518 2034 639 2099 violata
659 2033 783 2096 sabbati
804 2034 960 2113 religione
981 2032 1103 2112 notari,
1127 2035 1183 2112 qui
1205 2039 1312 2099 tamen

179 2142 281 2199 totam
295 2138 401 2217 legem
415 2156 434 2200 a
448 2135 562 2221 Moyse
576 2137 653 2218 ipsis
668 2135 777 2198 datam
790 2135 991 2214 negligerent
1001 2152 1039 2197 ac
1049 2140 1309 2214 perrumperent.

257 2259 289 2302 v.
311 2234 362 2304 20.
387 2237 604 2303 Grammatico
626 2238 757 2318 quidem
777 2256 815 2301 ac
834 2237 939 2317 logice
960 2255 1029 2300 esse
1050 2237 1200 2300 deberet:
1227 2233 1313 2311 Quia

177 2358 250 2419 ergo
271 2347 299 2400 et
319 2348 439 2412 cetero;
453 2339 509 2402 sed
523 2339 609 2403 istud
624 2357 709 2420 erpo,
726 2338 993 2420 expostulationis
1009 2339 1201 2418 gravitatem
1214 2343 1313 2417 atque

178 2438 334 2543 tvspysms
355 2460 523 2520 enervans,
545 2459 610 2505 non
631 2447 720 2505 certe
741 2441 797 2504 ille
820 2440 970 2502 adhibeat
994 2441 1050 2518 qui
1071 2440 1313 2502 vehementiore

177 2549 275 2611 animi
295 2549 415 2614 aflectu
435 2556 616 2613 commotus
637 2549 761 2629 aliquid
782 2568 857 2612 cum
878 2548 989 2627 aliquo
1011 2545 1207 2625 expostulat.

255 2671 287 2715 v.
309 2649 360 2716 21.
383 2650 431 2714 De
452 2653 553 2721 yerbo
573 2650 746 2732 respondit,
768 2651 890 2727 recole,
905 2667 990 2730 qnae
1001 2647 1141 2709 diximus
1156 2646 1188 2707 in
1200 2645 1247 2710 lo.
1264 2647 1306 2725 V,

173 2751 227 2818 17.
250 2752 410 2832 Christus,
432 2755 594 2834 neglecta,
607 2759 645 2816 ut
664 2771 725 2834 par
745 2758 828 2830 erat,
844 2751 1003 2814 inurbnna
1023 2753 1123 2827 atque
1144 2748 1241 2828 impia
1264 2749 1311 2810 in-

177 2855 421 2936 terpellatione,
444 2856 553 2919 dicere
574 2859 689 2936 pergit.
703 2853 918 2919 —Graecnm
938 2851 1127 2943 θαυμαζειν,
1149 2868 1253 2929 aeque
1273 2868 1312 2914 ac

176 2958 278 3021 latina
297 2957 426 3032 mirari,
448 2959 616 3038 admirari,
632 2978 698 3022 non
712 2977 840 3039 semper
855 2957 1121 3038 approbationem
1134 2956 1195 3032 rei,
1212 2970 1312 3034 quam

177 3059 350 3139 miramur,
372 3061 428 3123 sed
450 3068 482 3124 et
502 3062 770 3142 improbationem
792 3060 977 3122 adiunctam
990 3057 1050 3120 sibi
1064 3058 1174 3136 babet,
1190 3059 1260 3118 tum
1273 3071 1313 3117 ea

175 3162 338 3224 miramur
358 3181 442 3242 quae
464 3162 561 3225 laude
583 3162 677 3243 digna
697 3167 774 3224 sunt
794 3166 893 3240 atque
918 3159 1035 3222 eximie
1060 3158 1210 3238 placent,
1243 3160 1313 3219 tum

176 3280 263 3342 quae
283 3262 379 3326 valde
400 3262 553 3325 indecora
574 3281 613 3324 ac
635 3260 850 3342 vituperanda
861 3280 872 3340 3
895 3261 978 3323 hanc
998 3260 1137 3321 alteram
1156 3257 1314 3337 significa-

178 3363 301 3424 tionem
320 3363 404 3426 illud
426 3365 564 3426 verbum
584 3364 683 3426 habet
702 3363 734 3424 in
755 3364 817 3424 hoo
838 3362 925 3441 loco,
946 3360 1033 3440 quod
1049 3378 1068 3421 a
1082 3357 1315 3443 chrysostomo

176 3469 326 3527 notatum
347 3464 411 3526 iam
433 3472 492 3542 est,
516 3472 549 3528 et
569 3472 704 3546 apparet
725 3484 766 3528 ex
787 3465 856 3545 ipsa
876 3463 1030 3527 orationis
1044 3461 1179 3525 materie
1194 3466 1227 3523 et
1240 3477 1315 3523 con-

179 3569 284 3627 textu.
298 3563 487 3628 -Omnino
513 3567 751 3629 assentiendum
782 3563 1047 3649 Theophylacto,
1079 3562 1136 3642 qui
1166 3565 1315 3623 autumat

176 3666 280 3729 uerbo
300 3663 466 3728 miramini
486 3667 683 3747 iungendum
714 3666 797 3728 illud
819 3673 985 3746 propterea
1006 3662 1063 3733 ore
1078 3685 1170 3730 rouro
1185 3671 1316 3743 propter

177 3763 249 3838 boc,
272 3783 356 3844 quae
370 3785 437 3829 vox
458 3785 542 3829 nuno
563 3768 684 3847 legitur
704 3766 794 3830 initio
813 3767 1008 3845 insequentis
1023 3762 1314 3832 versus—Facile

176 3866 332 3931 sentimus
353 3871 433 3932 haec
454 3889 472 3932 a
494 3868 623 3935 Christo
643 3871 688 3933 ita
709 3870 772 3933 dici
793 3876 831 3932 ut
851 3888 889 3933 ea
910 3874 1122 3950 contraponat
1140 3866 1204 3929 illis
1225 3881 1314 3926 nemo

259 4058 274 4109 1
302 4060 341 4112 lo.
416 4062 429 4111 1
452 4097 459 4112 .
479 4061 523 4112 18.
1069 4072 1078 4091 .

247 4058 287 4222 ((2))
304 4154 343 4206 lb.
360 4061 409 4226 ξι,
427 4061 520 4207 decoll.
540 4152 600 4224 vu,
618 4150 645 4206 l.
662 4153 731 4220 Lego
749 4153 806 4206 Lib.
824 4152 850 4204 ll
869 4152 902 4206 de
918 4151 1017 4218 Evang-
1035 4147 1133 4204 dnnot.
1152 4143 1288 4200 LXXVll.
