2986 4912
167 311 229 378 116
506 329 536 379 ns
557 329 695 380 rossam
717 329 965 380 couucnrsnum

251 432 283 476 v.
304 412 334 480 9.
358 411 516 490 Sciebant,
531 434 646 498 graece
677 411 810 510 ᾔδεισαν
830 415 999 481 sciverant.
1019 411 1077 477 llis
1097 412 1181 477 ratio
1202 413 1311 476 reddi-

171 525 227 582 tur
248 536 309 582 cur
328 530 392 582 non
413 526 486 584 ante
507 519 641 584 loannes
663 519 829 587 Christum
859 519 1016 584 revixisse
1038 516 1214 582 crediderit
1237 514 1310 579 Ma-

171 618 239 681 riae
260 617 470 699 Magdalenae
494 620 662 698 narranti,
685 640 784 702 quam
814 622 881 705 ipse
901 619 1091 700 sepulcrum
1112 629 1256 680 vacuum
1279 624 1313 680 et

173 726 281 782 cetera
301 720 368 783 suis
389 720 492 784 oculis
513 720 725 802 conspiceret.

256 840 287 883 v.
310 817 360 884 11.
385 819 490 885 Maria
519 820 732 903 Magdalene‚
765 831 938 904 postquam
957 825 1093 882 venerat
1112 819 1153 881 ad
1174 817 1314 882 Petrum

173 927 206 984 et
226 919 400 999 loannem,
424 922 539 1003 hisque
560 923 768 988 nuntiaverat
788 922 981 1004 sepulcrum
1002 938 1144 984 vacuum
1174 938 1258 999 esse,
1274 920 1315 982 il-

173 1022 230 1085 luc
250 1022 304 1087 vel
323 1040 388 1086 una
408 1023 507 1088 simul
528 1023 670 1089 cumeis
691 1025 744 1089 vel
766 1043 845 1087 mox
866 1039 999 1087 reversa
1020 1026 1079 1084 est.

253 1141 285 1187 v.
308 1120 360 1188 16.
382 1120 517 1187 loannes
538 1124 572 1186 in
591 1143 623 1186 v.
638 1117 679 1189 11
699 1123 738 1186 de
760 1123 866 1187 Maria
887 1125 967 1187 baec
988 1122 1128 1184 dixerat:
1156 1117 1315 1184 Conversa

175 1229 422 1297 astronomum,
444 1232 473 1286 ct
492 1220 575 1286 cidit
594 1220 697 1286 Iesum
728 1231 884 1297 stentem
907 1223 984 1303 quid
1006 1239 1084 1302 ergo
1105 1222 1137 1283 in
1157 1222 1221 1286 hoc
1240 1241 1317 1286 ver-

176 1339 217 1385 su
258 1318 300 1386 16
339 1323 479 1387 verbum
518 1344 695 1423 orpupstcu
725 1342 876 1386 corneres
909 1317 1104 1401 significati
1137 1316 1316 1385 Crederem

177 1425 457 1492 translatumesse
478 1427 549 1490 eius
569 1426 852 1508 significationem,
875 1443 914 1488 ac
935 1430 1061 1487 tanturn
1082 1424 1114 1486 id
1134 1422 1248 1486 valere
1268 1430 1317 1487 at-

177 1541 242 1607 que
262 1523 333 1602 illa,
357 1544 442 1606 quae
457 1526 496 1590 do
510 1525 609 1591 Petro
630 1527 786 1591 dicuntur
805 1526 838 1588 in
853 1523 955 1603 dctis,
977 1521 1192 1619 praepossis
1215 1519 1317 1620 {aare

178 1627 221 1688 ad
240 1646 270 1688 se
290 1645 431 1691 reversus
454 1625 508 1711 (1),
531 1631 594 1694 hoc
614 1639 663 1693 est
683 1648 725 1694 ex
744 1635 891 1710 stupore,
915 1638 981 1709 quo
1003 1629 1185 1706 tenebatur,
1212 1629 1258 1692 ita
1280 1635 1319 1694 ut

178 1724 286 1791 losum
307 1747 372 1792 non
392 1741 592 1810 agnosceret,
609 1749 678 1795 seso
699 1731 866 1811 recipiens.
884 1729 950 1794 Res
968 1731 1037 1811 ipsa
1058 1732 1140 1794 hanc
1157 1731 1320 1811 interpre-

180 1828 334 1893 tationem
356 1830 536 1895 confirmat.
553 1865 593 1878 -
614 1829 752 1913 Aliquot
773 1830 899 1896 codices
921 1836 991 1895 tum
1013 1831 1120 1911 graeci
1142 1830 1320 1894 tumlatini

179 1930 392 2012 nonnullique
407 1932 599 2013 interpretes
614 1934 694 1996 baec
709 1931 816 1994 addita
837 1932 967 1996 habent:
981 1930 1024 1995 Et
1039 1929 1179 1994 accurrit
1193 1941 1321 2014 tenpore

177 2030 292 2112 ipsum.
315 2031 411 2096 Certe
432 2034 556 2115 aliquid
578 2034 766 2098 huiusmodi
788 2032 928 2097 Mariam
950 2033 1083 2110 lenisse,
1105 2033 1258 2098 discimus
1281 2054 1322 2098 ex

179 2119 217 2194 iis
239 2149 323 2210 quae
344 2133 452 2196 statim
473 2139 667 2213 sequuntur.

258 2249 290 2295 v.
312 2228 363 2296 17.
386 2231 462 2299 Noli
481 2253 528 2295 me
549 2242 688 2313 tenpore,
711 2233 852 2296 nondum
877 2232 960 2296 enim
980 2231 1109 2297 ascendi
1128 2234 1171 2296 ad
1194 2242 1322 2315 patrem

176 2341 287 2418 meum.
310 2329 372 2396 Sed
394 2351 456 2397 cur
477 2333 625 2398 Christus
654 2352 724 2398 sese
745 2334 942 2414 tangendum
974 2333 1186 2416 Magdalenae
1207 2336 1319 2417 probi-

176 2432 270 2509 buit,
294 2452 392 2514 quem
412 2442 519 2497 tamen
539 2440 650 2515 postea
671 2433 836 2515 discipulis
857 2434 1007 2498 exhibuit
1025 2434 1225 2517 palpandum
1247 2434 1319 2516 (att

179 2533 266 2610 Quid
287 2553 368 2598 vero
389 2536 446 2598 illa
468 2554 581 2599 caussa
603 2554 702 2616 quam
722 2535 862 2613 subiicit,
886 2536 963 2617 quid
984 2535 1011 2600 is
1033 2555 1211 2600 connexum
1232 2535 1320 2602 Nort-

177 2636 251 2699 dum
272 2635 400 2699 ascendi
420 2637 463 2699 od
477 2646 600 2719 patrem
619 2655 740 2711 mentm
763 2656 841 2718 ergo
855 2635 925 2699 noti
943 2656 991 2701 me
1011 2636 1161 2718 torpere?
1173 2637 1220 2701 Vt
1239 2639 1319 2702 baec

178 2735 396 2818 intelligamus
428 2739 688 2802 animadvertere
720 2738 810 2818 prius
841 2738 963 2802 iuverit
981 2739 1078 2819 longe
1100 2738 1198 2801 aliam
1220 2738 1318 2802 luisse

179 2839 337 2903 rationem
352 2846 574 2916 contactum,
587 2858 669 2920 quos
681 2838 829 2903 Christus
841 2837 1052 2919 Magdalenae
1067 2840 1209 2920 negavit,
1222 2859 1318 2920 quos-

179 2960 242 3021 que
272 2940 437 3022 discipulis
469 2941 599 3004 obtulit.
624 2938 686 3003 Illa
708 2941 770 3004 hoc
790 2959 892 3004 unum
920 2941 1110 3021 quaerebat,
1133 2947 1172 3005 ut
1192 2943 1315 3018 amori,

178 3060 244 3121 quo
265 3041 433 3122 flagrabat,
458 3042 584 3106 laceret
604 3043 693 3122 satis3
710 3042 745 3103 hi
759 3059 778 3103 a
793 3041 994 3105 dubitatione
1015 3042 1189 3106 revocandi
1211 3050 1315 3120 erant,

178 3161 217 3204 an
246 3143 292 3219 is,
315 3161 413 3222 quem
444 3142 693 3224 conspiciebant,
716 3140 806 3205 Iesus
837 3149 922 3206 esset
952 3143 993 3205 ad
1017 3144 1119 3207 vitam
1150 3161 1314 3208 reversus.

178 3241 296 3323 ltaque
316 3242 354 3304 iis
375 3242 525 3322 equidem
540 3242 697 3304 assentior
717 3242 774 3322 qui
796 3247 925 3305 censent
945 3243 1026 3305 haec
1046 3261 1111 3304 non
1129 3243 1318 3323 simpliciter

177 3342 262 3405 diota
283 3360 302 3404 a
324 3339 453 3405 Christo
484 3361 575 3419 esso,
598 3351 636 3405 ut
657 3343 714 3422 qui
735 3360 753 3404 a
775 3340 967 3423 Magdalena
996 3343 1083 3424 tangi
1114 3344 1238 3421 nollet,
1256 3343 1317 3406 ‘sed

178 3444 255 3523 quia
283 3443 385 3507 vellet
413 3449 452 3506 ut
472 3462 509 3505 ea
532 3432 774 3523 quamprimum
796 3443 970 3524 discipulos
992 3445 1195 3521 conveniret,
1219 3463 1317 3524 quae-

177 3563 240 3622 que
261 3543 404 3621 vidisset,
428 3544 573 3620 doceret,
597 3549 695 3623 atque
723 3544 823 3624 ipsius
845 3545 994 3608 mandata
1016 3545 1061 3607 eis
1082 3545 1256 3625 perferret.
1281 3543 1317 3605 ln

175 3645 335 3724 praesenti
357 3645 460 3723 mitte,
484 3643 602 3724 inquit,
619 3645 809 3725 complexus
831 3651 863 3708 et
884 3646 1010 3725 oscula3
1031 3646 1094 3708 erit
1116 3664 1220 3724 quum
1239 3645 1317 3708 satis

176 3746 281 3807 amori
302 3763 379 3825 erga
401 3765 452 3809 me
474 3752 531 3808 tuo
554 3745 661 3807 lacere
675 3745 783 3822 liceat,
797 3747 938 3809 nondum
958 3745 1043 3808 enim
1064 3744 1192 3809 ascendi
1206 3746 1248 3809 ad
1256 3765 1318 3824 pa-

176 3857 255 3908 trem
275 3867 389 3921 meum,
404 3849 459 3911 sed
474 3848 642 3911 vobiscum
657 3848 914 3928 aliquammultis
936 3848 1050 3913 diebus
1064 3849 1214 3929 maneb03
1230 3864 1316 3912 nunc

170 3969 249 4012 vcro
270 3951 348 4010 cade
370 3959 399 4011 et
419 3949 537 4012 etiarm

245 4074 281 4142 (1)
300 4075 359 4126 scr.
379 4077 441 4144 xrs,
460 4075 504 4127 11.

246 4166 282 4233 (2)
302 4168 363 4219 cuc.
382 4167 483 4233 xxiv,
502 4165 544 4217 sc.
