2986 4912
172 303 232 373 123
502 319 532 366 rn
558 318 696 367 roannsn
718 316 966 365 connanranivrr

167 442 172 455 ¹
274 403 327 486 27
355 410 452 486 Oves
479 433 582 483 meae
611 430 738 482 vocem
765 430 886 481 meam
914 406 1078 480 audiunt:
1107 419 1230 505 etego
1247 431 1302 481 oo

172 550 303 637 gnosoo
332 563 407 625 eas,
435 550 473 613 et
500 549 701 634 sequuntur
727 559 808 608 me:

275 659 328 741 28
355 679 394 739 et
421 687 487 761 ego
514 664 628 737 vitam
656 674 843 736 aeternam
871 664 916 736 do
945 663 1018 735 eis:
1040 672 1078 737 et
1103 686 1176 736 non
1195 664 1300 760 peri-

146 766 259 869 ¹bunt
285 796 322 867 in
343 805 549 877 aeternum,
578 805 616 864 et
641 815 713 865 non
732 792 851 888 rapiet
865 814 929 866 eas
943 793 1135 890 quisquam
1154 792 1200 867 de
1221 815 1301 865 ma-

171 947 220 996 nu
248 946 342 996 mea.

276 1045 329 1125 29
356 1050 470 1140 Pater
493 1072 596 1123 niens
623 1048 719 1146 quod
745 1049 845 1122 dedit
884 1048 994 1133 mihi,
1022 1049 1139 1123 maius
1181 1052 1300 1123 omni·

172 1181 240 1255 bus
267 1193 336 1255 est:
366 1191 404 1253 et
432 1202 539 1253 nerno
567 1190 689 1274 potest
716 1201 844 1274 rapere
872 1177 916 1250 de
944 1176 1188 1252 manuPatris
1210 1179 1298 1252 mei.

279 1301 331 1382 30
358 1306 449 1404 Ego,
478 1318 515 1379 et
542 1304 653 1378 Pater
679 1328 791 1378 ununr
820 1328 960 1378 sumus.

171 1479 177 1486 ·
278 1429 324 1509 31
357 1434 592 1509 Sustulerunt
619 1456 704 1530 ergo
745 1433 884 1530 lapides
911 1433 1064 1518 ludaei,
1091 1444 1133 1506 ut
1160 1432 1301 1531 lapida-

173 1575 256 1637 rent
283 1586 380 1636 eum.

156 1760 157 1764 ,
281 1684 332 1764 32
360 1689 562 1788 Respondit
588 1690 641 1763 eis
669 1689 783 1763 Iesus:
801 1687 915 1763 Multa
929 1680 1026 1763 bona
1044 1713 1155 1787 opera
1173 1705 1300 1764 osten·

175 1819 210 1893 di
238 1817 341 1893 vohis
361 1843 407 1893 ex
433 1817 542 1892 Patre
570 1841 667 1902 meo,
694 1824 844 1917 propter
871 1819 967 1917 quod
994 1841 1227 1917 eorumopns
1243 1843 1302 1893 me

175 1944 378 2044 lapidatis?
422 1933 429 1950 ⁸
552 1996 556 2000 -
1292 2032 1295 2036 A

279 2068 330 2149 33
358 2075 638 2173 Responderunt
665 2074 699 2147 ei
727 2074 861 2148 Iudaei:
892 2074 945 2149 De
972 2074 1070 2149 bono
1096 2099 1207 2173 opere
1231 2100 1303 2150 non

173 2201 374 2298 lapidamus
393 2214 444 2288 te,
472 2202 536 2276 sed
563 2203 607 2275 de
635 2202 887 2299 blasphemia:
916 2215 954 2277 et
981 2203 1065 2302 quia
1108 2215 1151 2278 tu
1186 2203 1301 2278 horno

176 2353 259 2403 eum
288 2330 469 2417 sis‚'faois
497 2331 656 2427 teipsum
685 2329 814 2403 Deum.

281 2451 334 2532 34
360 2457 561 2555 Respondit
588 2459 642 2530 eis
669 2457 782 2531 lesus:
812 2455 938 2532 Nonne
966 2460 1144 2557 seriptum
1172 2472 1232 2534 est
1267 2461 1304 2533 in

176 2584 255 2682 lege
285 2597 418 2658 vestra:
447 2586 530 2682 quia
559 2584 635 2682 Ego
661 2586 750 2671 dixi,
778 2587 827 2659 dii
855 2583 984 2660 estis?

283 2707 334 2787 35
362 2713 399 2786 si
427 2713 508 2787 illos
535 2713 627 2788 dixit
653 2714 754 2796 deos,
770 2715 815 2788 ad
842 2738 932 2812 quos
960 2738 1082 2789 serrno
1100 2714 1305 2790 Deifactns

182 2855 251 2928 est,
281 2856 318 2915 et
346 2866 418 2916 non
445 2855 568 2938 potest
596 2843 688 2916 solvi
717 2843 916 2940 scriptura:

285 2964 336 3044 36
364 2981 478 3066 ῳιθῐη
501 2969 609 3043 Pater
636 2970 889 3053 sanctificavit,
916 2983 955 3043 et
994 2969 1095 3044 misit
1122 2969 1158 3041 in
1191 2993 1306 3045 arnun-

158 3099 276 3182 dum,
305 3122 370 3170 vos
397 3098 527 3172 dicitis:
557 3096 647 3186 Quia
675 3096 918 3194 blasphemas:
948 3098 1032 3194 quia
1064 3097 1160 3183 dixi,
1190 3097 1308 3173 Filius

178 3226 245 3301 Dei
273 3223 376 3298 surn?

204 3348 229 3369 '‘
280 3347 335 3427 37
364 3352 402 3426 si
429 3377 500 3428 non
532 3353 625 3427 facio
652 3377 762 3451 opera
780 3353 901 3428 Patris
927 3355 1014 3439 mei,
1042 3353 1153 3428 nolite
1177 3356 1308 3429 crede·

179 3509 218 3557 re
247 3482 349 3556 mihi.

206 3663 210 3669 -
284 3604 336 3684 38
363 3609 400 3683 Si
428 3624 551 3685 autern
580 3610 684 3684 facio:
715 3611 811 3684 etsi
839 3611 928 3684 mihi
956 3635 1027 3684 non
1047 3609 1157 3684 vultis
1180 3612 1309 3686 erede-

178 3761 232 3823 re,
260 3735 430 3836 operibus
458 3736 617 3822 creditas
635 3750 677 3811 ut
705 3739 945 3835 cognoscatis,
974 3750 1012 3810 et
1039 3737 1193 3811 credatis
1222 3739 1308 3836 quia

178 3866 290 3940 Pater
317 3866 352 3938 in
381 3884 440 3939 mo
469 3879 539 3952 est,
570 3879 607 3941 et
634 3891 702 3964 ego
729 3868 765 3940 in
794 3867 915 3941 Patre.

286 3988 337 4069 39
365 3994 599 4084 Quaerebant
626 4019 711 4093 ergo
740 4021 825 4073 eum
853 3986 1151 4094 apprehendere:
1177 4007 1216 4070 et
1236 3995 1311 4070 exi·

178 4123 232 4200 vit
259 4122 303 4197 de
330 4123 498 4198 manibus
526 4147 665 4200 eorum.
