<?xml version="1.0" encoding="UTF-8"?>
<!DOCTYPE html PUBLIC "-//W3C//DTD XHTML 1.0 Transitional//EN"
    "http://www.w3.org/TR/xhtml1/DTD/xhtml1-transitional.dtd">
<html xmlns="http://www.w3.org/1999/xhtml" xml:lang="en" lang="en">
 <head>
  <title>
</title>
<meta http-equiv="Content-Type" content="text/html;charset=utf-8" />
  <meta name='ocr-system' content='tesseract 3.04.00' />
  <meta name='ocr-capabilities' content='ocr_page ocr_carea ocr_par ocr_line ocrx_word'/>
</head>
<body>
  <div class='ocr_page' id='page_1' title='image "./franciscixaveri00patrgoog_0214.png"; bbox 0 0 2986 4912; ppageno 0'>
   <div class='ocr_carea' id='block_1_1' title="bbox 25 327 1277 4067">
    <p class='ocr_par' dir='ltr' id='par_1_1' title="bbox 77 327 1219 608">
     <span class='ocr_line' id='line_1_1' title="bbox 433 327 1219 395; baseline 0.008 -7"><span class='ocrx_word' id='word_1_1' title='bbox 433 341 535 390; x_wconf 78' lang='lat' dir='ltr'>cnrvr</span> <span class='ocrx_word' id='word_1_2' title='bbox 557 341 697 389; x_wconf 81' lang='lat' dir='ltr'>nncrnvu</span> <span class='ocrx_word' id='word_1_3' title='bbox 715 342 875 390; x_wconf 83' lang='lat' dir='ltr'>srrrluvn</span> <span class='ocrx_word' id='word_1_4' title='bbox 1159 327 1219 395; x_wconf 79' lang='grc'>199</span> 
     </span>
     <span class='ocr_line' id='line_1_2' title="bbox 80 426 1219 510; baseline 0.004 -21"><span class='ocrx_word' id='word_1_5' title='bbox 80 445 234 491; x_wconf 89' lang='lat' dir='ltr'>successu</span> <span class='ocrx_word' id='word_1_6' title='bbox 261 426 343 489; x_wconf 88' lang='lat' dir='ltr'>illud</span> <span class='ocrx_word' id='word_1_7' title='bbox 365 445 447 508; x_wconf 92' lang='lat' dir='ltr'>opus</span> <span class='ocrx_word' id='word_1_8' title='bbox 469 434 671 507; x_wconf 85' lang='lat' dir='ltr'>exsequutus</span> <span class='ocrx_word' id='word_1_9' title='bbox 691 429 744 506; x_wconf 85' lang='lat' dir='ltr'>sii,</span> <span class='ocrx_word' id='word_1_10' title='bbox 767 428 901 509; x_wconf 81' lang='lat' dir='ltr'><strong>exponit</strong></span> <span class='ocrx_word' id='word_1_11' title='bbox 920 447 973 492; x_wconf 83' lang='lat' dir='ltr'>vv.</span> <span class='ocrx_word' id='word_1_12' title='bbox 995 426 1042 494; x_wconf 83' lang='lat'>6-</span> <span class='ocrx_word' id='word_1_13' title='bbox 1055 427 1087 506; x_wconf 88' lang='lat'>8,</span> <span class='ocrx_word' id='word_1_14' title='bbox 1109 430 1219 510; x_wconf 90' lang='lat' dir='ltr'>itaque</span> 
     </span>
     <span class='ocr_line' id='line_1_3' title="bbox 77 527 1217 608; baseline 0.003 -20"><span class='ocrx_word' id='word_1_15' title='bbox 77 527 194 589; x_wconf 86' lang='lat' dir='ltr'>sensim</span> <span class='ocrx_word' id='word_1_16' title='bbox 221 527 288 590; x_wconf 92' lang='lat' dir='ltr'>sine</span> <span class='ocrx_word' id='word_1_17' title='bbox 309 546 406 591; x_wconf 88' lang='lat' dir='ltr'>sensu</span> <span class='ocrx_word' id='word_1_18' title='bbox 427 528 542 591; x_wconf 77' lang='lat' dir='ltr'><strong>transit</strong></span> <span class='ocrx_word' id='word_1_19' title='bbox 561 527 603 589; x_wconf 87' lang='lat' dir='ltr'>ad</span> <span class='ocrx_word' id='word_1_20' title='bbox 624 546 736 608; x_wconf 85' lang='lat' dir='ltr'>preces</span> <span class='ocrx_word' id='word_1_21' title='bbox 758 546 819 608; x_wconf 89' lang='lat' dir='ltr'>pro</span> <span class='ocrx_word' id='word_1_22' title='bbox 841 528 1006 608; x_wconf 78' lang='lat' dir='ltr'>discipulis</span> <span class='ocrx_word' id='word_1_23' title='bbox 1028 529 1217 593; x_wconf 80' lang='lat' dir='ltr'>fundendas.</span> 
     </span>
    </p>

    <p class='ocr_par' dir='ltr' id='par_1_2' title="bbox 25 624 1277 1111">
     <span class='ocr_line' id='line_1_4' title="bbox 151 624 1215 706; baseline 0.004 -17"><span class='ocrx_word' id='word_1_24' title='bbox 151 646 183 689; x_wconf 86' lang='lat' dir='ltr'>v.</span> <span class='ocrx_word' id='word_1_25' title='bbox 207 624 237 689; x_wconf 92' lang='grc'>1.</span> <span class='ocrx_word' id='word_1_26' title='bbox 259 625 308 689; x_wconf 89' lang='lat' dir='ltr'>De</span> <span class='ocrx_word' id='word_1_27' title='bbox 323 647 403 691; x_wconf 80' lang='lat' dir='ltr'>voce</span> <span class='ocrx_word' id='word_1_28' title='bbox 424 628 502 689; x_wconf 83' lang='lat' dir='ltr'>hore</span> <span class='ocrx_word' id='word_1_29' title='bbox 522 627 594 706; x_wconf 90' lang='lat' dir='ltr'>lege</span> <span class='ocrx_word' id='word_1_30' title='bbox 615 645 700 706; x_wconf 89' lang='lat' dir='ltr'>quae</span> <span class='ocrx_word' id='word_1_31' title='bbox 721 627 862 689; x_wconf 86' lang='lat' dir='ltr'>diximus</span> <span class='ocrx_word' id='word_1_32' title='bbox 880 629 913 689; x_wconf 92' lang='lat' dir='ltr'>in</span> <span class='ocrx_word' id='word_1_33' title='bbox 934 626 980 691; x_wconf 89' lang='lat' dir='ltr'>lo.</span> <span class='ocrx_word' id='word_1_34' title='bbox 998 626 1074 705; x_wconf 87' lang='lat' dir='ltr'>XII,</span> <span class='ocrx_word' id='word_1_35' title='bbox 1089 626 1215 705; x_wconf 67' lang='lat'><strong>23-2&amp;</strong></span> 
     </span>
     <span class='ocr_line' id='line_1_5' title="bbox 80 727 1219 810; baseline 0.001 -20"><span class='ocrx_word' id='word_1_36' title='bbox 80 745 230 806; x_wconf 89' lang='lat' dir='ltr'>quaeque</span> <span class='ocrx_word' id='word_1_37' title='bbox 251 728 284 788; x_wconf 93' lang='lat' dir='ltr'>in</span> <span class='ocrx_word' id='word_1_38' title='bbox 305 728 353 791; x_wconf 94' lang='lat' dir='ltr'>his</span> <span class='ocrx_word' id='word_1_39' title='bbox 373 729 455 792; x_wconf 90' lang='lat' dir='ltr'>locis</span> <span class='ocrx_word' id='word_1_40' title='bbox 469 729 703 791; x_wconf 89' lang='lat' dir='ltr'>annotavimus.</span> <span class='ocrx_word' id='word_1_41' title='bbox 716 727 803 790; x_wconf 87' lang='lat' dir='ltr'>—In</span> <span class='ocrx_word' id='word_1_42' title='bbox 823 731 884 792; x_wconf 90' lang='lat' dir='ltr'>hac</span> <span class='ocrx_word' id='word_1_43' title='bbox 898 731 1055 793; x_wconf 88' lang='lat' dir='ltr'>sententia</span> <span class='ocrx_word' id='word_1_44' title='bbox 1067 730 1111 807; x_wconf 88' lang='lat' dir='ltr'>id,</span> <span class='ocrx_word' id='word_1_45' title='bbox 1131 730 1219 810; x_wconf 91' lang='lat' dir='ltr'>quod</span> 
     </span>
     <span class='ocr_line' id='line_1_6' title="bbox 79 829 1277 911; baseline 0.008 -22"><span class='ocrx_word' id='word_1_46' title='bbox 79 829 171 910; x_wconf 93' lang='lat' dir='ltr'>prius</span> <span class='ocrx_word' id='word_1_47' title='bbox 192 834 253 904; x_wconf 84' lang='lat' dir='ltr'>est,</span> <span class='ocrx_word' id='word_1_48' title='bbox 284 849 358 892; x_wconf 90' lang='lat' dir='ltr'>cum</span> <span class='ocrx_word' id='word_1_49' title='bbox 372 833 553 910; x_wconf 87' lang='lat' dir='ltr'>posteriore</span> <span class='ocrx_word' id='word_1_50' title='bbox 575 848 638 891; x_wconf 93' lang='lat' dir='ltr'>non</span> <span class='ocrx_word' id='word_1_51' title='bbox 652 837 691 893; x_wconf 85' lang='lat' dir='ltr'>ut</span> <span class='ocrx_word' id='word_1_52' title='bbox 704 830 843 893; x_wconf 91' lang='lat' dir='ltr'>conditio</span> <span class='ocrx_word' id='word_1_53' title='bbox 863 832 1081 911; x_wconf 86' lang='lat' dir='ltr'>coniungitur,</span> <span class='ocrx_word' id='word_1_54' title='bbox 1103 831 1159 895; x_wconf 87' lang='lat' dir='ltr'>sed</span> <span class='ocrx_word' id='word_1_55' title='bbox 1180 837 1219 894; x_wconf 93' lang='lat' dir='ltr'>ut</span> <span class='ocrx_word' id='word_1_56' title='bbox 1274 889 1277 899; x_wconf 91' lang='grc'><em>,</em></span> 
     </span>
     <span class='ocr_line' id='line_1_7' title="bbox 25 929 1216 1013; baseline 0 -21"><span class='ocrx_word' id='word_1_57' title='bbox 25 967 28 971; x_wconf 76' lang='lat'><strong>.</strong></span> <span class='ocrx_word' id='word_1_58' title='bbox 81 950 196 994; x_wconf 85' lang='lat' dir='ltr'>caussa</span> <span class='ocrx_word' id='word_1_59' title='bbox 211 951 286 995; x_wconf 91' lang='lat' dir='ltr'>cum</span> <span class='ocrx_word' id='word_1_60' title='bbox 315 931 433 993; x_wconf 84' lang='lat' dir='ltr'>effectu</span> <span class='ocrx_word' id='word_1_61' title='bbox 444 952 456 1009; x_wconf 80' lang='lat'>3</span> <span class='ocrx_word' id='word_1_62' title='bbox 478 929 654 1010; x_wconf 79' lang='lat' dir='ltr'>clarificato</span> <span class='ocrx_word' id='word_1_63' title='bbox 686 932 771 992; x_wconf 90' lang='lat' dir='ltr'>enim</span> <span class='ocrx_word' id='word_1_64' title='bbox 802 932 869 994; x_wconf 89' lang='lat' dir='ltr'>lilio</span> <span class='ocrx_word' id='word_1_65' title='bbox 890 938 983 1013; x_wconf 89' lang='lat' dir='ltr'>pater</span> <span class='ocrx_word' id='word_1_66' title='bbox 1005 932 1216 1008; x_wconf 85' lang='lat' dir='ltr'>clarificatur,</span> 
     </span>
     <span class='ocr_line' id='line_1_8' title="bbox 80 1031 916 1111; baseline -0.002 -17"><span class='ocrx_word' id='word_1_67' title='bbox 80 1050 184 1110; x_wconf 91' lang='lat' dir='ltr'>quum</span> <span class='ocrx_word' id='word_1_68' title='bbox 205 1053 269 1095; x_wconf 92' lang='lat' dir='ltr'>una</span> <span class='ocrx_word' id='word_1_69' title='bbox 290 1039 389 1111; x_wconf 88' lang='lat' dir='ltr'>atque</span> <span class='ocrx_word' id='word_1_70' title='bbox 410 1033 523 1094; x_wconf 90' lang='lat' dir='ltr'>eadem</span> <span class='ocrx_word' id='word_1_71' title='bbox 544 1031 719 1110; x_wconf 89' lang='lat' dir='ltr'>utriusque</span> <span class='ocrx_word' id='word_1_72' title='bbox 739 1033 782 1094; x_wconf 93' lang='lat' dir='ltr'>sit</span> <span class='ocrx_word' id='word_1_73' title='bbox 803 1032 916 1111; x_wconf 87' lang='lat' dir='ltr'>gloria.</span> 
     </span>
    </p>

    <p class='ocr_par' dir='ltr' id='par_1_3' title="bbox 80 1131 1224 2426">
     <span class='ocr_line' id='line_1_9' title="bbox 161 1131 1221 1215; baseline 0.001 -19"><span class='ocrx_word' id='word_1_74' title='bbox 161 1154 193 1196; x_wconf 88' lang='lat' dir='ltr'>v.</span> <span class='ocrx_word' id='word_1_75' title='bbox 215 1132 246 1196; x_wconf 78' lang='lat'>2.</span> <span class='ocrx_word' id='word_1_76' title='bbox 271 1133 432 1198; x_wconf 87' lang='lat' dir='ltr'>Graecum</span> <span class='ocrx_word' id='word_1_77' title='bbox 456 1131 561 1212; x_wconf 73' lang='grc' dir='ltr'><em>καθως</em></span> <span class='ocrx_word' id='word_1_78' title='bbox 585 1135 718 1215; x_wconf 87' lang='lat' dir='ltr'>proprie</span> <span class='ocrx_word' id='word_1_79' title='bbox 747 1135 831 1196; x_wconf 88' lang='lat' dir='ltr'>idem</span> <span class='ocrx_word' id='word_1_80' title='bbox 860 1140 909 1196; x_wconf 88' lang='lat' dir='ltr'>est</span> <span class='ocrx_word' id='word_1_81' title='bbox 937 1153 975 1196; x_wconf 89' lang='lat' dir='ltr'>ac</span> <span class='ocrx_word' id='word_1_82' title='bbox 996 1132 1100 1208; x_wconf 82' lang='lat' dir='ltr'>sicut,</span> <span class='ocrx_word' id='word_1_83' title='bbox 1120 1135 1152 1195; x_wconf 91' lang='lat' dir='ltr'>id</span> <span class='ocrx_word' id='word_1_84' title='bbox 1174 1141 1221 1197; x_wconf 87' lang='lat' dir='ltr'>ta-</span> 
     </span>
     <span class='ocr_line' id='line_1_10' title="bbox 80 1235 1218 1317; baseline 0.001 -22"><span class='ocrx_word' id='word_1_85' title='bbox 80 1252 155 1296; x_wconf 91' lang='lat' dir='ltr'>men</span> <span class='ocrx_word' id='word_1_86' title='bbox 175 1235 207 1296; x_wconf 95' lang='lat' dir='ltr'>in</span> <span class='ocrx_word' id='word_1_87' title='bbox 228 1235 322 1300; x_wconf 85' lang='lat' dir='ltr'>Novo</span> <span class='ocrx_word' id='word_1_88' title='bbox 344 1235 546 1301; x_wconf 89' lang='lat' dir='ltr'>Testamento</span> <span class='ocrx_word' id='word_1_89' title='bbox 568 1238 721 1317; x_wconf 92' lang='lat' dir='ltr'>usurpari</span> <span class='ocrx_word' id='word_1_90' title='bbox 749 1238 833 1299; x_wconf 87' lang='lat' dir='ltr'>solet</span> <span class='ocrx_word' id='word_1_91' title='bbox 852 1237 949 1299; x_wconf 88' lang='lat' dir='ltr'>etiam</span> <span class='ocrx_word' id='word_1_92' title='bbox 975 1235 1030 1297; x_wconf 90' lang='lat' dir='ltr'>uhi</span> <span class='ocrx_word' id='word_1_93' title='bbox 1051 1235 1150 1298; x_wconf 90' lang='lat' dir='ltr'>latine</span> <span class='ocrx_word' id='word_1_94' title='bbox 1171 1236 1218 1296; x_wconf 91' lang='lat' dir='ltr'>di-</span> 
     </span>
     <span class='ocr_line' id='line_1_11' title="bbox 82 1334 1222 1418; baseline 0.001 -22"><span class='ocrx_word' id='word_1_95' title='bbox 82 1334 220 1397; x_wconf 89' lang='lat' dir='ltr'>cendum</span> <span class='ocrx_word' id='word_1_96' title='bbox 242 1342 325 1399; x_wconf 91' lang='lat' dir='ltr'>esset</span> <span class='ocrx_word' id='word_1_97' title='bbox 344 1337 520 1418; x_wconf 80' lang='lat' dir='ltr'>siquidem,</span> <span class='ocrx_word' id='word_1_98' title='bbox 542 1337 715 1418; x_wconf 83' lang='lat' dir='ltr'>qnoniam,</span> <span class='ocrx_word' id='word_1_99' title='bbox 738 1338 901 1416; x_wconf 87' lang='lat' dir='ltr'>talemque</span> <span class='ocrx_word' id='word_1_100' title='bbox 922 1355 1052 1400; x_wconf 89' lang='lat' dir='ltr'>sensum</span> <span class='ocrx_word' id='word_1_101' title='bbox 1073 1336 1170 1398; x_wconf 86' lang='lat' dir='ltr'>habet</span> <span class='ocrx_word' id='word_1_102' title='bbox 1190 1337 1222 1397; x_wconf 91' lang='lat' dir='ltr'>in</span> 
     </span>
     <span class='ocr_line' id='line_1_12' title="bbox 81 1435 1222 1519; baseline 0.003 -24"><span class='ocrx_word' id='word_1_103' title='bbox 81 1435 144 1498; x_wconf 89' lang='lat' dir='ltr'>hoc</span> <span class='ocrx_word' id='word_1_104' title='bbox 164 1437 250 1500; x_wconf 88' lang='lat' dir='ltr'>loco.</span> <span class='ocrx_word' id='word_1_105' title='bbox 266 1470 306 1481; x_wconf 89' lang='lat'>—</span> <span class='ocrx_word' id='word_1_106' title='bbox 325 1436 360 1500; x_wconf 87' lang='lat' dir='ltr'>Vt</span> <span class='ocrx_word' id='word_1_107' title='bbox 380 1458 480 1512; x_wconf 82' lang='lat' dir='ltr'>omne,</span> <span class='ocrx_word' id='word_1_108' title='bbox 503 1440 585 1519; x_wconf 83' lang='lat' dir='ltr'>qnod</span> <span class='ocrx_word' id='word_1_109' title='bbox 606 1436 721 1499; x_wconf 81' lang='lat' dir='ltr'>dedisti</span> <span class='ocrx_word' id='word_1_110' title='bbox 741 1436 781 1513; x_wconf 86' lang='lat' dir='ltr'>ei,</span> <span class='ocrx_word' id='word_1_111' title='bbox 807 1439 856 1498; x_wconf 86' lang='lat' dir='ltr'>det</span> <span class='ocrx_word' id='word_1_112' title='bbox 877 1435 922 1498; x_wconf 84' lang='lat' dir='ltr'>eie</span> <span class='ocrx_word' id='word_1_113' title='bbox 943 1435 1041 1499; x_wconf 86' lang='lat' dir='ltr'>vitam</span> <span class='ocrx_word' id='word_1_114' title='bbox 1062 1445 1222 1498; x_wconf 77' lang='lat' dir='ltr'>aeternam</span> 
     </span>
     <span class='ocr_line' id='line_1_13' title="bbox 84 1535 1222 1619; baseline 0 -21"><span class='ocrx_word' id='word_1_115' title='bbox 84 1537 257 1600; x_wconf 87' lang='lat' dir='ltr'>hebraicus</span> <span class='ocrx_word' id='word_1_116' title='bbox 280 1540 434 1619; x_wconf 90' lang='lat' dir='ltr'>loquendi</span> <span class='ocrx_word' id='word_1_117' title='bbox 465 1541 580 1603; x_wconf 93' lang='lat' dir='ltr'>modus</span> <span class='ocrx_word' id='word_1_118' title='bbox 602 1545 672 1615; x_wconf 90' lang='lat' dir='ltr'>est,</span> <span class='ocrx_word' id='word_1_119' title='bbox 696 1557 757 1619; x_wconf 92' lang='lat' dir='ltr'>pro</span> <span class='ocrx_word' id='word_1_120' title='bbox 777 1546 813 1599; x_wconf 85' lang='lat' dir='ltr'>iit</span> <span class='ocrx_word' id='word_1_121' title='bbox 833 1538 988 1611; x_wconf 73' lang='lat' dir='ltr'>omnibns,</span> <span class='ocrx_word' id='word_1_122' title='bbox 1010 1558 1087 1619; x_wconf 80' lang='lat' dir='ltr'>quoe</span> <span class='ocrx_word' id='word_1_123' title='bbox 1108 1535 1222 1599; x_wconf 82' lang='lat' dir='ltr'>dedisti</span> 
     </span>
     <span class='ocr_line' id='line_1_14' title="bbox 82 1634 1222 1720; baseline 0.004 -24"><span class='ocrx_word' id='word_1_124' title='bbox 82 1634 124 1710; x_wconf 87' lang='lat' dir='ltr'>ei,</span> <span class='ocrx_word' id='word_1_125' title='bbox 152 1639 202 1700; x_wconf 86' lang='lat' dir='ltr'>det</span> <span class='ocrx_word' id='word_1_126' title='bbox 221 1639 320 1703; x_wconf 85' lang='lat' dir='ltr'>vitam</span> <span class='ocrx_word' id='word_1_127' title='bbox 340 1651 509 1703; x_wconf 76' lang='lat' dir='ltr'><strong><em>aeternam.</em></strong></span> <span class='ocrx_word' id='word_1_128' title='bbox 532 1673 572 1686; x_wconf 87' lang='lat'>—</span> <span class='ocrx_word' id='word_1_129' title='bbox 593 1638 631 1702; x_wconf 92' lang='lat' dir='ltr'>In</span> <span class='ocrx_word' id='word_1_130' title='bbox 652 1641 700 1702; x_wconf 91' lang='lat' dir='ltr'>his</span> <span class='ocrx_word' id='word_1_131' title='bbox 721 1646 850 1720; x_wconf 89' lang='lat' dir='ltr'>praesto</span> <span class='ocrx_word' id='word_1_132' title='bbox 871 1641 970 1702; x_wconf 88' lang='lat' dir='ltr'>habes</span> <span class='ocrx_word' id='word_1_133' title='bbox 991 1645 1222 1719; x_wconf 83' lang='lat' dir='ltr'>argumentum</span> 
     </span>
     <span class='ocr_line' id='line_1_15' title="bbox 85 1737 1222 1821; baseline 0.004 -23"><span class='ocrx_word' id='word_1_134' title='bbox 85 1737 381 1803; x_wconf 90' lang='lat' dir='ltr'>luculentissimum</span> <span class='ocrx_word' id='word_1_135' title='bbox 403 1761 469 1821; x_wconf 94' lang='lat' dir='ltr'>quo</span> <span class='ocrx_word' id='word_1_136' title='bbox 490 1742 598 1804; x_wconf 87' lang='lat' dir='ltr'>vincas</span> <span class='ocrx_word' id='word_1_137' title='bbox 614 1740 779 1804; x_wconf 83' lang='lat' dir='ltr'>Christum</span> <span class='ocrx_word' id='word_1_138' title='bbox 793 1758 855 1821; x_wconf 95' lang='lat' dir='ltr'>pro</span> <span class='ocrx_word' id='word_1_139' title='bbox 869 1740 1017 1802; x_wconf 90' lang='lat' dir='ltr'>omnibus</span> <span class='ocrx_word' id='word_1_140' title='bbox 1038 1740 1222 1803; x_wconf 91' lang='lat' dir='ltr'>hominibus</span> 
     </span>
     <span class='ocr_line' id='line_1_16' title="bbox 85 1840 1224 1923; baseline 0.003 -22"><span class='ocrx_word' id='word_1_141' title='bbox 85 1846 224 1905; x_wconf 88' lang='lat' dir='ltr'>mortem</span> <span class='ocrx_word' id='word_1_142' title='bbox 255 1844 436 1923; x_wconf 88' lang='lat' dir='ltr'>oppetiisse.</span> <span class='ocrx_word' id='word_1_143' title='bbox 469 1844 597 1908; x_wconf 84' lang='lat' dir='ltr'>Etenim</span> <span class='ocrx_word' id='word_1_144' title='bbox 625 1841 727 1904; x_wconf 80' lang='lat' dir='ltr'>omnio</span> <span class='ocrx_word' id='word_1_145' title='bbox 755 1840 864 1904; x_wconf 74' lang='lat' dir='ltr'>carnis</span> <span class='ocrx_word' id='word_1_146' title='bbox 890 1842 1032 1922; x_wconf 92' lang='lat' dir='ltr'>positum</span> <span class='ocrx_word' id='word_1_147' title='bbox 1063 1861 1132 1905; x_wconf 91' lang='lat' dir='ltr'>esse</span> <span class='ocrx_word' id='word_1_148' title='bbox 1163 1860 1224 1923; x_wconf 90' lang='lat' dir='ltr'>pro</span> 
     </span>
     <span class='ocr_line' id='line_1_17' title="bbox 87 1941 1224 2023; baseline 0.003 -22"><span class='ocrx_word' id='word_1_149' title='bbox 87 1944 228 2003; x_wconf 81' lang='lat' dir='ltr'>omnium</span> <span class='ocrx_word' id='word_1_150' title='bbox 241 1942 402 2006; x_wconf 82' lang='lat' dir='ltr'>hominum</span> <span class='ocrx_word' id='word_1_151' title='bbox 415 1945 621 2007; x_wconf 81' lang='lat' dir='ltr'>manifestum</span> <span class='ocrx_word' id='word_1_152' title='bbox 636 1949 694 2007; x_wconf 85' lang='lat' dir='ltr'>est.</span> <span class='ocrx_word' id='word_1_153' title='bbox 710 1943 863 2006; x_wconf 84' lang='lat' dir='ltr'>Homines</span> <span class='ocrx_word' id='word_1_154' title='bbox 878 1944 909 2004; x_wconf 93' lang='lat' dir='ltr'>in</span> <span class='ocrx_word' id='word_1_155' title='bbox 923 1948 1116 2023; x_wconf 87' lang='lat' dir='ltr'>potestatem</span> <span class='ocrx_word' id='word_1_156' title='bbox 1132 1941 1224 2007; x_wconf 90' lang='lat' dir='ltr'>Chri-</span> 
     </span>
     <span class='ocr_line' id='line_1_18' title="bbox 86 2043 1223 2125; baseline 0.002 -20"><span class='ocrx_word' id='word_1_157' title='bbox 86 2048 136 2105; x_wconf 90' lang='lat' dir='ltr'>sto</span> <span class='ocrx_word' id='word_1_158' title='bbox 159 2043 258 2107; x_wconf 89' lang='lat' dir='ltr'>datia</span> <span class='ocrx_word' id='word_1_159' title='bbox 273 2051 367 2125; x_wconf 88' lang='lat' dir='ltr'>patre</span> <span class='ocrx_word' id='word_1_160' title='bbox 385 2046 458 2108; x_wconf 91' lang='lat' dir='ltr'>ideo</span> <span class='ocrx_word' id='word_1_161' title='bbox 478 2050 565 2122; x_wconf 88' lang='lat' dir='ltr'>sunt,</span> <span class='ocrx_word' id='word_1_162' title='bbox 580 2051 619 2108; x_wconf 93' lang='lat' dir='ltr'>ut</span> <span class='ocrx_word' id='word_1_163' title='bbox 636 2043 783 2108; x_wconf 89' lang='lat' dir='ltr'>Christus</span> <span class='ocrx_word' id='word_1_164' title='bbox 804 2045 964 2119; x_wconf 87' lang='lat' dir='ltr'>omnihus,</span> <span class='ocrx_word' id='word_1_165' title='bbox 980 2063 1063 2123; x_wconf 93' lang='lat' dir='ltr'>quos</span> <span class='ocrx_word' id='word_1_166' title='bbox 1076 2045 1108 2105; x_wconf 93' lang='lat' dir='ltr'>in</span> <span class='ocrx_word' id='word_1_167' title='bbox 1122 2045 1223 2125; x_wconf 92' lang='lat' dir='ltr'>ipsius</span> 
     </span>
     <span class='ocr_line' id='line_1_19' title="bbox 89 2145 1221 2226; baseline 0.001 -21"><span class='ocrx_word' id='word_1_168' title='bbox 89 2149 282 2223; x_wconf 86' lang='lat' dir='ltr'>potestatem</span> <span class='ocrx_word' id='word_1_169' title='bbox 302 2151 396 2226; x_wconf 89' lang='lat' dir='ltr'>pater</span> <span class='ocrx_word' id='word_1_170' title='bbox 416 2147 515 2222; x_wconf 86' lang='lat' dir='ltr'>dedit,</span> <span class='ocrx_word' id='word_1_171' title='bbox 538 2151 703 2208; x_wconf 86' lang='lat' dir='ltr'>aeternam</span> <span class='ocrx_word' id='word_1_172' title='bbox 716 2146 828 2221; x_wconf 83' lang='lat' dir='ltr'>vitam,</span> <span class='ocrx_word' id='word_1_173' title='bbox 852 2151 1010 2224; x_wconf 89' lang='lat' dir='ltr'>quantum</span> <span class='ocrx_word' id='word_1_174' title='bbox 1030 2145 1064 2205; x_wconf 92' lang='lat' dir='ltr'>in</span> <span class='ocrx_word' id='word_1_175' title='bbox 1083 2163 1117 2206; x_wconf 88' lang='lat' dir='ltr'>se</span> <span class='ocrx_word' id='word_1_176' title='bbox 1137 2150 1221 2221; x_wconf 87' lang='lat' dir='ltr'>erat,</span> 
     </span>
     <span class='ocr_line' id='line_1_20' title="bbox 88 2242 1223 2325; baseline 0.004 -22"><span class='ocrx_word' id='word_1_177' title='bbox 88 2243 278 2323; x_wconf 81' lang='lat' dir='ltr'>largiretur.</span> <span class='ocrx_word' id='word_1_178' title='bbox 302 2245 403 2324; x_wconf 84' lang='lat' dir='ltr'>Atqui</span> <span class='ocrx_word' id='word_1_179' title='bbox 433 2263 543 2308; x_wconf 90' lang='lat' dir='ltr'>ornnes</span> <span class='ocrx_word' id='word_1_180' title='bbox 574 2245 718 2307; x_wconf 90' lang='lat' dir='ltr'>homines</span> <span class='ocrx_word' id='word_1_181' title='bbox 740 2242 868 2308; x_wconf 86' lang='lat' dir='ltr'>Christo</span> <span class='ocrx_word' id='word_1_182' title='bbox 890 2244 956 2305; x_wconf 88' lang='lat' dir='ltr'>dati</span> <span class='ocrx_word' id='word_1_183' title='bbox 985 2244 1112 2307; x_wconf 91' lang='lat' dir='ltr'>suntin</span> <span class='ocrx_word' id='word_1_184' title='bbox 1133 2250 1223 2325; x_wconf 90' lang='lat' dir='ltr'>pote-</span> 
     </span>
     <span class='ocr_line' id='line_1_21' title="bbox 86 2345 1123 2426; baseline 0.004 -22"><span class='ocrx_word' id='word_1_185' title='bbox 86 2351 214 2406; x_wconf 88' lang='lat' dir='ltr'>statem.</span> <span class='ocrx_word' id='word_1_186' title='bbox 237 2345 346 2426; x_wconf 86' lang='lat' dir='ltr'>Ergo,¹</span> <span class='ocrx_word' id='word_1_187' title='bbox 362 2364 522 2425; x_wconf 90' lang='lat' dir='ltr'>quaenam</span> <span class='ocrx_word' id='word_1_188' title='bbox 542 2347 725 2426; x_wconf 87' lang='lat' dir='ltr'>argumenti</span> <span class='ocrx_word' id='word_1_189' title='bbox 747 2346 929 2426; x_wconf 81' lang='lat' dir='ltr'>complexio</span> <span class='ocrx_word' id='word_1_190' title='bbox 950 2346 1003 2421; x_wconf 88' lang='lat' dir='ltr'>sit,</span> <span class='ocrx_word' id='word_1_191' title='bbox 1025 2349 1123 2425; x_wconf 89' lang='lat' dir='ltr'>patet.</span> 
     </span>
    </p>

    <p class='ocr_par' dir='ltr' id='par_1_4' title="bbox 84 2444 1225 4067">
     <span class='ocr_line' id='line_1_22' title="bbox 168 2444 1224 2528; baseline 0.003 -21"><span class='ocrx_word' id='word_1_192' title='bbox 168 2464 199 2507; x_wconf 85' lang='lat' dir='ltr'>v.</span> <span class='ocrx_word' id='word_1_193' title='bbox 222 2444 252 2509; x_wconf 83' lang='lat'>3.</span> <span class='ocrx_word' id='word_1_194' title='bbox 280 2445 390 2523; x_wconf 88' lang='lat' dir='ltr'>iniis,</span> <span class='ocrx_word' id='word_1_195' title='bbox 416 2447 473 2526; x_wconf 92' lang='lat' dir='ltr'>qui</span> <span class='ocrx_word' id='word_1_196' title='bbox 494 2456 659 2509; x_wconf 81' lang='lat' dir='ltr'>aeternam</span> <span class='ocrx_word' id='word_1_197' title='bbox 683 2447 784 2509; x_wconf 88' lang='lat' dir='ltr'>vitam</span> <span class='ocrx_word' id='word_1_198' title='bbox 808 2447 920 2510; x_wconf 88' lang='lat' dir='ltr'>vivere</span> <span class='ocrx_word' id='word_1_199' title='bbox 940 2448 1143 2524; x_wconf 85' lang='lat' dir='ltr'>volunt,·hoc</span> <span class='ocrx_word' id='word_1_200' title='bbox 1158 2449 1224 2528; x_wconf 90' lang='lat' dir='ltr'>pri-</span> 
     </span>
     <span class='ocr_line' id='line_1_23' title="bbox 87 2546 1221 2629; baseline 0.002 -22"><span class='ocrx_word' id='word_1_201' title='bbox 87 2563 178 2607; x_wconf 93' lang='lat' dir='ltr'>mum</span> <span class='ocrx_word' id='word_1_202' title='bbox 203 2548 406 2626; x_wconf 88' lang='lat' dir='ltr'>requiritur,</span> <span class='ocrx_word' id='word_1_203' title='bbox 428 2557 467 2610; x_wconf 92' lang='lat' dir='ltr'>ut</span> <span class='ocrx_word' id='word_1_204' title='bbox 485 2546 591 2610; x_wconf 88' lang='lat' dir='ltr'>Deum</span> <span class='ocrx_word' id='word_1_205' title='bbox 623 2553 656 2610; x_wconf 90' lang='lat' dir='ltr'>et</span> <span class='ocrx_word' id='word_1_206' title='bbox 687 2546 796 2610; x_wconf 91' lang='lat' dir='ltr'>lesum</span> <span class='ocrx_word' id='word_1_207' title='bbox 822 2546 987 2610; x_wconf 87' lang='lat' dir='ltr'>Christum</span> <span class='ocrx_word' id='word_1_208' title='bbox 1018 2555 1221 2629; x_wconf 90' lang='lat' dir='ltr'>cognoscant.</span> 
     </span>
     <span class='ocr_line' id='line_1_24' title="bbox 90 2644 1225 2730; baseline 0.006 -22"><span class='ocrx_word' id='word_1_209' title='bbox 90 2644 210 2710; x_wconf 79' lang='lat' dir='ltr'>Confer</span> <span class='ocrx_word' id='word_1_210' title='bbox 231 2648 278 2712; x_wconf 91' lang='lat' dir='ltr'>lo.</span> <span class='ocrx_word' id='word_1_211' title='bbox 300 2648 373 2727; x_wconf 84' lang='lat' dir='ltr'>XX,</span> <span class='ocrx_word' id='word_1_212' title='bbox 395 2647 445 2713; x_wconf 81' lang='lat'>31.</span> <span class='ocrx_word' id='word_1_213' title='bbox 461 2684 501 2696; x_wconf 95' lang='lat'><strong>—</strong></span> <span class='ocrx_word' id='word_1_214' title='bbox 514 2648 635 2713; x_wconf 88' lang='lat' dir='ltr'>Vocem</span> <span class='ocrx_word' id='word_1_215' title='bbox 657 2651 770 2723; x_wconf 83' lang='lat' dir='ltr'>solum,</span> <span class='ocrx_word' id='word_1_216' title='bbox 791 2668 855 2712; x_wconf 93' lang='lat' dir='ltr'>non</span> <span class='ocrx_word' id='word_1_217' title='bbox 876 2651 1050 2730; x_wconf 81' lang='lat' dir='ltr'>superiori,</span> <span class='ocrx_word' id='word_1_218' title='bbox 1066 2652 1121 2715; x_wconf 91' lang='lat' dir='ltr'>sed</span> <span class='ocrx_word' id='word_1_219' title='bbox 1143 2653 1225 2715; x_wconf 91' lang='lat' dir='ltr'>inse-</span> 
     </span>
     <span class='ocr_line' id='line_1_25' title="bbox 87 2749 1219 2833; baseline 0.003 -23"><span class='ocrx_word' id='word_1_220' title='bbox 87 2749 199 2825; x_wconf 89' lang='lat' dir='ltr'>quenti</span> <span class='ocrx_word' id='word_1_221' title='bbox 209 2751 282 2813; x_wconf 86' lang='lat' dir='ltr'>voci</span> <span class='ocrx_word' id='word_1_222' title='bbox 293 2751 486 2830; x_wconf 85' lang='lat' dir='ltr'>iungendam</span> <span class='ocrx_word' id='word_1_223' title='bbox 502 2771 570 2814; x_wconf 87' lang='lat' dir='ltr'>esse</span> <span class='ocrx_word' id='word_1_224' title='bbox 584 2757 719 2832; x_wconf 87' lang='lat' dir='ltr'>apparet</span> <span class='ocrx_word' id='word_1_225' title='bbox 740 2757 810 2813; x_wconf 87' lang='lat' dir='ltr'>turn</span> <span class='ocrx_word' id='word_1_226' title='bbox 832 2770 874 2812; x_wconf 83' lang='lat' dir='ltr'>ex</span> <span class='ocrx_word' id='word_1_227' title='bbox 896 2768 1013 2831; x_wconf 86' lang='lat' dir='ltr'>graeco</span> <span class='ocrx_word' id='word_1_228' title='bbox 1028 2753 1219 2833; x_wconf 84' lang='lat' dir='ltr'>exemplari,</span> 
     </span>
     <span class='ocr_line' id='line_1_26' title="bbox 91 2848 1221 2944; baseline 0.006 -36"><span class='ocrx_word' id='word_1_229' title='bbox 91 2848 124 2909; x_wconf 94' lang='lat' dir='ltr'>in</span> <span class='ocrx_word' id='word_1_230' title='bbox 144 2868 210 2928; x_wconf 93' lang='lat' dir='ltr'>quo</span> <span class='ocrx_word' id='word_1_231' title='bbox 230 2852 276 2914; x_wconf 93' lang='lat' dir='ltr'>sic</span> <span class='ocrx_word' id='word_1_232' title='bbox 296 2858 355 2916; x_wconf 90' lang='lat' dir='ltr'>est:</span> <span class='ocrx_word' id='word_1_233' title='bbox 378 2874 413 2920; x_wconf 80' lang='grc' dir='ltr'>σε</span> <span class='ocrx_word' id='word_1_234' title='bbox 435 2873 489 2920; x_wconf 76' lang='grc' dir='ltr'>τον</span> <span class='ocrx_word' id='word_1_235' title='bbox 512 2873 610 2944; x_wconf 70' lang='grc' dir='ltr'>μονον</span> <span class='ocrx_word' id='word_1_236' title='bbox 635 2848 785 2930; x_wconf 69' lang='lat' dir='ltr'>cilcitore</span> <span class='ocrx_word' id='word_1_237' title='bbox 809 2851 893 2933; x_wconf 65' lang='lat' dir='ltr'>fisos,</span> <span class='ocrx_word' id='word_1_238' title='bbox 908 2860 979 2916; x_wconf 89' lang='lat' dir='ltr'>tum</span> <span class='ocrx_word' id='word_1_239' title='bbox 999 2872 1041 2916; x_wconf 82' lang='lat' dir='ltr'>ex</span> <span class='ocrx_word' id='word_1_240' title='bbox 1062 2854 1221 2932; x_wconf 85' lang='lat' dir='ltr'>eoquod,</span> 
     </span>
     <span class='ocr_line' id='line_1_27' title="bbox 86 2954 1223 3036; baseline 0.004 -22"><span class='ocrx_word' id='word_1_241' title='bbox 86 2970 152 3014; x_wconf 92' lang='lat' dir='ltr'>non</span> <span class='ocrx_word' id='word_1_242' title='bbox 171 2960 264 3034; x_wconf 88' lang='lat' dir='ltr'>pater</span> <span class='ocrx_word' id='word_1_243' title='bbox 295 2957 507 3032; x_wconf 83' lang='lat' dir='ltr'>solummodo,</span> <span class='ocrx_word' id='word_1_244' title='bbox 528 2960 605 3036; x_wconf 89' lang='lat' dir='ltr'>sed,</span> <span class='ocrx_word' id='word_1_245' title='bbox 628 2960 712 3022; x_wconf 89' lang='lat' dir='ltr'>sicut</span> <span class='ocrx_word' id='word_1_246' title='bbox 741 2978 820 3022; x_wconf 84' lang='lat' dir='ltr'>mox</span> <span class='ocrx_word' id='word_1_247' title='bbox 848 2957 991 3029; x_wconf 86' lang='lat' dir='ltr'>dicitur,</span> <span class='ocrx_word' id='word_1_248' title='bbox 1013 2956 1110 3019; x_wconf 89' lang='lat' dir='ltr'>etiam</span> <span class='ocrx_word' id='word_1_249' title='bbox 1131 2954 1223 3018; x_wconf 89' lang='lat' dir='ltr'>Iesus</span> 
     </span>
     <span class='ocr_line' id='line_1_28' title="bbox 87 3049 1222 3140; baseline 0.004 -24"><span class='ocrx_word' id='word_1_250' title='bbox 87 3049 235 3118; x_wconf 92' lang='lat' dir='ltr'>Christus</span> <span class='ocrx_word' id='word_1_251' title='bbox 255 3055 297 3118; x_wconf 93' lang='lat' dir='ltr'>sit</span> <span class='ocrx_word' id='word_1_252' title='bbox 317 3059 567 3137; x_wconf 89' lang='lat' dir='ltr'>cognoscendus.</span> <span class='ocrx_word' id='word_1_253' title='bbox 590 3058 706 3140; x_wconf 88' lang='lat' dir='ltr'>Neque</span> <span class='ocrx_word' id='word_1_254' title='bbox 726 3060 770 3122; x_wconf 89' lang='lat' dir='ltr'>ita</span> <span class='ocrx_word' id='word_1_255' title='bbox 792 3061 872 3122; x_wconf 89' lang='lat' dir='ltr'>haec</span> <span class='ocrx_word' id='word_1_256' title='bbox 892 3077 959 3123; x_wconf 84' lang='lat' dir='ltr'>vox</span> <span class='ocrx_word' id='word_1_257' title='bbox 979 3058 1080 3118; x_wconf 84' lang='lat' dir='ltr'>solnm</span> <span class='ocrx_word' id='word_1_258' title='bbox 1101 3063 1150 3120; x_wconf 93' lang='lat' dir='ltr'>est</span> <span class='ocrx_word' id='word_1_259' title='bbox 1169 3076 1222 3120; x_wconf 92' lang='lat' dir='ltr'>ac·</span> 
     </span>
     <span class='ocr_line' id='line_1_29' title="bbox 86 3153 1222 3239; baseline 0.003 -25"><span class='ocrx_word' id='word_1_260' title='bbox 86 3153 231 3233; x_wconf 86' lang='lat' dir='ltr'>cipiemla</span> <span class='ocrx_word' id='word_1_261' title='bbox 251 3174 290 3218; x_wconf 90' lang='lat' dir='ltr'>ac</span> <span class='ocrx_word' id='word_1_262' title='bbox 309 3157 336 3219; x_wconf 92' lang='lat' dir='ltr'>si</span> <span class='ocrx_word' id='word_1_263' title='bbox 357 3157 478 3220; x_wconf 88' lang='lat' dir='ltr'>dictum</span> <span class='ocrx_word' id='word_1_264' title='bbox 494 3168 587 3221; x_wconf 77' lang='lat' dir='ltr'>essett</span> <span class='ocrx_word' id='word_1_265' title='bbox 609 3157 665 3239; x_wconf 82' lang='lat' dir='ltr'>qni</span> <span class='ocrx_word' id='word_1_266' title='bbox 684 3161 768 3220; x_wconf 80' lang='lat' dir='ltr'>solue</span> <span class='ocrx_word' id='word_1_267' title='bbox 788 3177 818 3219; x_wconf 82' lang='lat' dir='ltr'>ee</span> <span class='ocrx_word' id='word_1_268' title='bbox 838 3176 930 3219; x_wconf 67' lang='lat' dir='ltr'>vans</span> <span class='ocrx_word' id='word_1_269' title='bbox 949 3155 1046 3233; x_wconf 82' lang='lat' dir='ltr'>Dens,</span> <span class='ocrx_word' id='word_1_270' title='bbox 1070 3157 1175 3220; x_wconf 85' lang='lat' dir='ltr'>veluti</span> <span class='ocrx_word' id='word_1_271' title='bbox 1194 3157 1222 3220; x_wconf 93' lang='lat' dir='ltr'>si</span> 
     </span>
     <span class='ocr_line' id='line_1_30' title="bbox 86 3251 1223 3340; baseline 0.004 -25"><span class='ocrx_word' id='word_1_272' title='bbox 86 3251 175 3318; x_wconf 91' lang='lat' dir='ltr'>Deus</span> <span class='ocrx_word' id='word_1_273' title='bbox 195 3275 258 3319; x_wconf 92' lang='lat' dir='ltr'>non</span> <span class='ocrx_word' id='word_1_274' title='bbox 279 3264 364 3321; x_wconf 89' lang='lat' dir='ltr'>esset</span> <span class='ocrx_word' id='word_1_275' title='bbox 382 3258 444 3321; x_wconf 92' lang='lat' dir='ltr'>nisi</span> <span class='ocrx_word' id='word_1_276' title='bbox 473 3257 541 3338; x_wconf 92' lang='lat' dir='ltr'>ipse</span> <span class='ocrx_word' id='word_1_277' title='bbox 571 3265 687 3340; x_wconf 87' lang='lat' dir='ltr'>pater,</span> <span class='ocrx_word' id='word_1_278' title='bbox 709 3259 765 3322; x_wconf 86' lang='lat' dir='ltr'>sed</span> <span class='ocrx_word' id='word_1_279' title='bbox 785 3260 830 3320; x_wconf 89' lang='lat' dir='ltr'>ita</span> <span class='ocrx_word' id='word_1_280' title='bbox 850 3266 889 3320; x_wconf 92' lang='lat' dir='ltr'>ut</span> <span class='ocrx_word' id='word_1_281' title='bbox 909 3277 1020 3321; x_wconf 90' lang='lat' dir='ltr'>sensus</span> <span class='ocrx_word' id='word_1_282' title='bbox 1042 3258 1093 3320; x_wconf 90' lang='lat' dir='ltr'>sit:</span> <span class='ocrx_word' id='word_1_283' title='bbox 1117 3257 1174 3338; x_wconf 83' lang='lat' dir='ltr'>qni</span> <span class='ocrx_word' id='word_1_284' title='bbox 1193 3277 1223 3319; x_wconf 78' lang='lat' dir='ltr'>es</span> 
     </span>
     <span class='ocr_line' id='line_1_31' title="bbox 87 3353 1223 3441; baseline 0.005 -25"><span class='ocrx_word' id='word_1_285' title='bbox 87 3353 171 3417; x_wconf 82' lang='lat' dir='ltr'>Dens</span> <span class='ocrx_word' id='word_1_286' title='bbox 192 3358 276 3419; x_wconf 82' lang='lat' dir='ltr'>seins</span> <span class='ocrx_word' id='word_1_287' title='bbox 295 3368 400 3433; x_wconf 78' lang='lat' dir='ltr'>verns,</span> <span class='ocrx_word' id='word_1_288' title='bbox 423 3379 489 3439; x_wconf 93' lang='lat' dir='ltr'>quo</span> <span class='ocrx_word' id='word_1_289' title='bbox 510 3360 567 3422; x_wconf 90' lang='lat' dir='ltr'>alii</span> <span class='ocrx_word' id='word_1_290' title='bbox 587 3361 719 3441; x_wconf 91' lang='lat' dir='ltr'>quidem</span> <span class='ocrx_word' id='word_1_291' title='bbox 739 3361 781 3422; x_wconf 89' lang='lat' dir='ltr'>dii</span> <span class='ocrx_word' id='word_1_292' title='bbox 807 3379 875 3423; x_wconf 90' lang='lat' dir='ltr'>esse</span> <span class='ocrx_word' id='word_1_293' title='bbox 896 3366 1068 3439; x_wconf 83' lang='lat' dir='ltr'>negantur,</span> <span class='ocrx_word' id='word_1_294' title='bbox 1091 3379 1155 3424; x_wconf 93' lang='lat' dir='ltr'>non</span> <span class='ocrx_word' id='word_1_295' title='bbox 1177 3365 1223 3423; x_wconf 89' lang='lat' dir='ltr'>tn-</span> 
     </span>
     <span class='ocr_line' id='line_1_32' title="bbox 86 3459 1221 3543; baseline 0.003 -24"><span class='ocrx_word' id='word_1_296' title='bbox 86 3475 162 3520; x_wconf 89' lang='lat' dir='ltr'>men</span> <span class='ocrx_word' id='word_1_297' title='bbox 181 3459 264 3522; x_wconf 87' lang='lat' dir='ltr'>aliae</span> <span class='ocrx_word' id='word_1_298' title='bbox 291 3478 448 3540; x_wconf 88' lang='lat' dir='ltr'>personae</span> <span class='ocrx_word' id='word_1_299' title='bbox 473 3480 557 3541; x_wconf 87' lang='lat' dir='ltr'>quae</span> <span class='ocrx_word' id='word_1_300' title='bbox 577 3481 642 3524; x_wconf 88' lang='lat' dir='ltr'>una</span> <span class='ocrx_word' id='word_1_301' title='bbox 664 3481 739 3525; x_wconf 93' lang='lat' dir='ltr'>cum</span> <span class='ocrx_word' id='word_1_302' title='bbox 759 3467 851 3543; x_wconf 88' lang='lat' dir='ltr'>patre</span> <span class='ocrx_word' id='word_1_303' title='bbox 872 3480 956 3523; x_wconf 93' lang='lat' dir='ltr'>unus</span> <span class='ocrx_word' id='word_1_304' title='bbox 976 3459 1065 3524; x_wconf 91' lang='lat' dir='ltr'>Deus</span> <span class='ocrx_word' id='word_1_305' title='bbox 1087 3461 1172 3541; x_wconf 73' lang='lat' dir='ltr'>sint,</span> <span class='ocrx_word' id='word_1_306' title='bbox 1194 3460 1221 3525; x_wconf 90' lang='lat' dir='ltr'>si</span> 
     </span>
     <span class='ocr_line' id='line_1_33' title="bbox 85 3559 1217 3641; baseline 0.004 -21"><span class='ocrx_word' id='word_1_307' title='bbox 85 3559 171 3622; x_wconf 88' lang='lat' dir='ltr'>enim</span> <span class='ocrx_word' id='word_1_308' title='bbox 181 3560 238 3623; x_wconf 89' lang='lat' dir='ltr'>illc</span> <span class='ocrx_word' id='word_1_309' title='bbox 248 3561 340 3641; x_wconf 90' lang='lat' dir='ltr'>prior</span> <span class='ocrx_word' id='word_1_310' title='bbox 353 3567 437 3624; x_wconf 88' lang='lat' dir='ltr'>esset</span> <span class='ocrx_word' id='word_1_311' title='bbox 449 3563 570 3626; x_wconf 88' lang='lat' dir='ltr'>horum</span> <span class='ocrx_word' id='word_1_312' title='bbox 580 3563 758 3627; x_wconf 87' lang='lat' dir='ltr'>verborum</span> <span class='ocrx_word' id='word_1_313' title='bbox 771 3581 895 3637; x_wconf 84' lang='lat' dir='ltr'>sensus,</span> <span class='ocrx_word' id='word_1_314' title='bbox 908 3561 1077 3624; x_wconf 89' lang='lat' dir='ltr'>dicendum</span> <span class='ocrx_word' id='word_1_315' title='bbox 1093 3561 1217 3625; x_wconf 83' lang='lat' dir='ltr'>inisset=</span> 
     </span>
     <span class='ocr_line' id='line_1_34' title="bbox 89 3657 1222 3750; baseline -0.002 -24"><span class='ocrx_word' id='word_1_316' title='bbox 89 3680 188 3750; x_wconf 76' lang='grc' dir='ltr'>μονον</span> <span class='ocrx_word' id='word_1_317' title='bbox 211 3682 266 3727; x_wconf 73' lang='grc' dir='ltr'>τον</span> <span class='ocrx_word' id='word_1_318' title='bbox 288 3657 440 3739; x_wconf 64' lang='lat' dir='ltr'>cilcitore</span> <span class='ocrx_word' id='word_1_319' title='bbox 463 3663 546 3731; x_wconf 67' lang='lat' dir='ltr'>eaor.</span> <span class='ocrx_word' id='word_1_320' title='bbox 567 3697 608 3708; x_wconf 91' lang='lat'>—</span> <span class='ocrx_word' id='word_1_321' title='bbox 627 3661 748 3726; x_wconf 91' lang='lat' dir='ltr'>Vnicus</span> <span class='ocrx_word' id='word_1_322' title='bbox 779 3663 832 3724; x_wconf 90' lang='lat' dir='ltr'>hic</span> <span class='ocrx_word' id='word_1_323' title='bbox 851 3663 944 3724; x_wconf 90' lang='lat' dir='ltr'>locus</span> <span class='ocrx_word' id='word_1_324' title='bbox 966 3667 1015 3723; x_wconf 90' lang='lat' dir='ltr'>ost</span> <span class='ocrx_word' id='word_1_325' title='bbox 1031 3660 1064 3722; x_wconf 94' lang='lat' dir='ltr'>in</span> <span class='ocrx_word' id='word_1_326' title='bbox 1086 3680 1222 3742; x_wconf 80' lang='lat' dir='ltr'>evange-</span> 
     </span>
     <span class='ocr_line' id='line_1_35' title="bbox 85 3765 1224 3846; baseline 0.004 -22"><span class='ocrx_word' id='word_1_327' title='bbox 85 3765 137 3830; x_wconf 90' lang='lat' dir='ltr'>liis</span> <span class='ocrx_word' id='word_1_328' title='bbox 158 3765 190 3826; x_wconf 91' lang='lat' dir='ltr'>in</span> <span class='ocrx_word' id='word_1_329' title='bbox 212 3786 278 3846; x_wconf 92' lang='lat' dir='ltr'>quo</span> <span class='ocrx_word' id='word_1_330' title='bbox 305 3765 394 3830; x_wconf 90' lang='lat' dir='ltr'>lesus</span> <span class='ocrx_word' id='word_1_331' title='bbox 419 3767 567 3831; x_wconf 91' lang='lat' dir='ltr'>Christus</span> <span class='ocrx_word' id='word_1_332' title='bbox 588 3787 657 3831; x_wconf 90' lang='lat' dir='ltr'>scsc</span> <span class='ocrx_word' id='word_1_333' title='bbox 678 3773 821 3845; x_wconf 87' lang='lat' dir='ltr'>utroque</span> <span class='ocrx_word' id='word_1_334' title='bbox 840 3767 902 3828; x_wconf 94' lang='lat' dir='ltr'>hoc</span> <span class='ocrx_word' id='word_1_335' title='bbox 926 3766 1054 3827; x_wconf 89' lang='lat' dir='ltr'>nominc</span> <span class='ocrx_word' id='word_1_336' title='bbox 1075 3765 1142 3846; x_wconf 89' lang='lat' dir='ltr'>ipsc</span> <span class='ocrx_word' id='word_1_337' title='bbox 1169 3766 1224 3828; x_wconf 89' lang='lat' dir='ltr'>de-</span> 
     </span>
     <span class='ocr_line' id='line_1_36' title="bbox 85 3865 1221 3955; baseline 0 -27"><span class='ocrx_word' id='word_1_338' title='bbox 85 3868 282 3955; x_wconf 69' lang='lat' dir='ltr'>signaverit,</span> <span class='ocrx_word' id='word_1_339' title='bbox 305 3889 416 3932; x_wconf 90' lang='lat' dir='ltr'>sensus</span> <span class='ocrx_word' id='word_1_340' title='bbox 447 3877 556 3934; x_wconf 90' lang='lat' dir='ltr'>autem</span> <span class='ocrx_word' id='word_1_341' title='bbox 578 3871 603 3934; x_wconf 93' lang='lat' dir='ltr'>is</span> <span class='ocrx_word' id='word_1_342' title='bbox 625 3876 694 3933; x_wconf 86' lang='lat' dir='ltr'>est:</span> <span class='ocrx_word' id='word_1_343' title='bbox 724 3868 759 3932; x_wconf 84' lang='lat' dir='ltr'>Vt</span> <span class='ocrx_word' id='word_1_344' title='bbox 779 3875 967 3948; x_wconf 72' lang='lat' dir='ltr'>cognoscent</span> <span class='ocrx_word' id='word_1_345' title='bbox 986 3865 1109 3940; x_wconf 81' lang='lat' dir='ltr'>Iesum,</span> <span class='ocrx_word' id='word_1_346' title='bbox 1132 3885 1221 3948; x_wconf 80' lang='lat' dir='ltr'>quem</span> 
     </span>
     <span class='ocr_line' id='line_1_37' title="bbox 84 3964 1222 4067; baseline 0 -37"><span class='ocrx_word' id='word_1_347' title='bbox 84 3967 214 4042; x_wconf 78' lang='lat' dir='ltr'>misisti,</span> <span class='ocrx_word' id='word_1_348' title='bbox 228 3989 289 4031; x_wconf 81' lang='lat' dir='ltr'>esse</span> <span class='ocrx_word' id='word_1_349' title='bbox 307 3967 472 4032; x_wconf 74' lang='lat' dir='ltr'>Christum.</span> <span class='ocrx_word' id='word_1_350' title='bbox 497 3967 616 4033; x_wconf 86' lang='lat' dir='ltr'>Christi</span> <span class='ocrx_word' id='word_1_351' title='bbox 635 3969 810 4051; x_wconf 88' lang='lat' dir='ltr'>appellatio</span> <span class='ocrx_word' id='word_1_352' title='bbox 824 3964 940 4067; x_wconf 59' lang='lat' dir='ltr'>Samii?</span> <span class='ocrx_word' id='word_1_353' title='bbox 960 3975 1083 4047; x_wconf 70' lang='lat' dir='ltr'>ernest.</span> <span class='ocrx_word' id='word_1_354' title='bbox 1101 3967 1222 4032; x_wconf 83' lang='lat' dir='ltr'>Confer</span> 
     </span>
    </p>
   </div>
   <div class='ocr_carea' id='block_1_2' title="bbox 84 4069 628 4155">
    <p class='ocr_par' dir='ltr' id='par_1_5' title="bbox 84 4069 628 4155">
     <span class='ocr_line' id='line_1_38' title="bbox 84 4069 628 4155; baseline 0.009 -24"><span class='ocrx_word' id='word_1_355' title='bbox 84 4070 205 4135; x_wconf 87' lang='lat' dir='ltr'>iterum</span> <span class='ocrx_word' id='word_1_356' title='bbox 227 4070 274 4135; x_wconf 91' lang='lat' dir='ltr'>Io.</span> <span class='ocrx_word' id='word_1_357' title='bbox 297 4070 371 4155; x_wconf 81' lang='lat' dir='ltr'>XX,</span> <span class='ocrx_word' id='word_1_358' title='bbox 392 4069 442 4135; x_wconf 89' lang='grc'>31.</span> <span class='ocrx_word' id='word_1_359' title='bbox 626 4117 628 4121; x_wconf 60' lang='grc'><strong><em>«</em></strong></span> 
     </span>
    </p>
   </div>
   <div class='ocr_carea' id='block_1_3' title="bbox 0 0 1498 4912">
    <p class='ocr_par' dir='ltr' id='par_1_6' title="bbox 0 0 1498 4912">
     <span class='ocr_line' id='line_1_39' title="bbox 0 0 1498 4912; baseline 0 0"><span class='ocrx_word' id='word_1_360' title='bbox 0 0 1498 4912; x_wconf 95' lang='lat' dir='ltr'> </span> 
     </span>
    </p>
   </div>
  </div>
 </body>
</html>
