2986 4912
627 319 728 366 crrvr
751 320 879 369 srxrvn
1267 304 1307 370 75

175 411 354 484 vescimur,
380 408 412 468 in
436 409 588 486 huncque
611 425 740 468 sensum
764 407 826 469 hoe
849 425 965 469 nomen
988 415 1170 489 usurpatur
1194 409 1226 470 in
1246 410 1309 472 hoc

179 508 371 588 sermone‚(
378 526 484 587 neque
504 507 589 569 enim
609 525 745 583 manna,
769 525 873 586 neque
895 505 1063 586 Christus,
1086 528 1190 589 neque
1211 511 1309 574 huius

178 631 258 678 caro
280 611 370 692 panis
394 616 453 684 θεῖ,
484 609 610 671 tametsi
631 609 721 670 cihus
742 607 827 686 sit),
843 608 887 670 ita
912 614 1020 671 tamen
1043 616 1081 671 ut
1100 610 1126 672 is
1146 629 1262 674 sensus
1278 612 1310 673 in

170 712 283 794 prima
310 711 465 773 sermonis
489 716 594 790 parte,
621 709 653 769 in
677 727 742 788 qua
766 714 814 770 est
840 708 880 770 de
903 708 977 785 lide,
994 710 1169 772 translatus
1197 711 1249 788 sit,
1277 712 1310 773 in

177 816 284 878 altera
297 831 389 888 vero,
405 812 438 871 in
458 828 523 889 qua
545 815 593 872 est
607 809 647 872 de
661 809 868 886 eucharistia,
892 811 1053 890 proprius.
1071 806 1191 873 Confer
1204 832 1236 875 r.
1256 810 1307 877 56.

260 914 412 976 Alterum
436 913 481 974 sic
508 917 567 973 θεῖ.
594 909 706 973 Iudaei
730 911 856 990 signum
877 911 1047 990 petierant,
1069 918 1107 974 ut
1130 912 1308 977 crederent.

178 1013 327 1079 Christus
349 1013 461 1075 eadem
485 1017 590 1073 mente
615 1011 787 1090 respondet
813 1011 939 1090 signum
967 1010 1055 1087 dari,
1083 1011 1179 1091 longe
1203 1015 1311 1092 potius

178 1133 277 1194 quam
292 1112 421 1197 Moyses
442 1112 586 1189 dederat,
603 1113 756 1174 nimirum
781 1130 899 1191 panem
919 1113 955 1173 de
973 1113 1057 1173 caeto
1075 1130 1194 1186 verum,
1210 1133 1310 1193 seque

177 1234 294 1296 panem
314 1217 401 1278 hunc
421 1232 499 1276 θεεθ.
522 1211 577 1289 Αῖ,
599 1215 676 1275 siin
696 1220 764 1276 toto
784 1232 932 1277 sermone
947 1212 1094 1278 Christus
1115 1235 1184 1279 sese
1194 1214 1309 1297 ponem

179 1317 319 1397 figurate
346 1321 504 1392 vocasset,
527 1320 721 1394 sequeretur
743 1315 781 1377 de
805 1334 838 1377 se
862 1315 1038 1394 loquutum
1058 1334 1133 1378 eum
1153 1335 1218 1378 uon
1241 1337 1310 1382 esse

178 1419 241 1480 nisi
266 1423 303 1480 nt
327 1418 366 1480 de
390 1416 505 1479 obiecto
525 1415 610 1496 fidei,
636 1416 745 1494 dere,
772 1417 915 1496 inquam,
939 1417 979 1478 ad
1001 1435 1099 1496 quam
1120 1418 1311 1481 credendam

181 1517 311 1582 ludaeis
332 1520 458 1599 signum
478 1537 497 1581 a
517 1517 586 1582 Deo
608 1519 678 1580 dari
692 1517 881 1580 affirmabat.
906 1514 1076 1592 Quodnam
1091 1537 1168 1599 ergo
1189 1521 1251 1583 hoc
1271 1521 1312 1584 si-

181 1616 310 1698 gnum?
337 1617 461 1699 Nempe
488 1618 556 1700 ipsa
580 1637 632 1681 res
658 1617 829 1694 credenda,
852 1636 1019 1697 unumque
1040 1625 1139 1696 atque
1160 1619 1244 1682 idem
1266 1621 1313 1682 f-

178 1726 257 1782 -rent
276 1721 403 1800 signum
426 1726 459 1783 θῖ
473 1738 524 1783 res
539 1721 672 1800 signata.
698 1717 917 1795 Quamobrem
939 1719 1183 1797 concludamus,
1205 1741 1314 1786 neces-

178 1839 214 1883 se
229 1826 288 1897 θεῖ,
304 1821 519 1902 appellatione
533 1819 631 1901 ponis
648 1819 743 1893 vitoe,
765 1821 850 1883 sicut
866 1821 898 1882 in
918 1821 1022 1900 prima
1043 1822 1198 1884 sermonis
1220 1831 1312 1903 parte

179 1921 382 2000 significatur
402 1940 454 1985 res
479 1940 564 2001 qnae
585 1921 743 1984 credenda
771 1926 830 1997 est,
854 1921 899 1983 ita
926 1922 959 1982 in
983 1922 1086 1985 altera
1106 1929 1198 2003 parte
1218 1925 1314 2003 signi·

175 2021 274 2084 ficari
294 2023 421 2103 signum
442 2029 577 2104 propter
602 2023 689 2103 qued
716 2041 754 2086 ea
779 2022 937 2086 credenda
961 2023 1011 2087 sit.

262 2141 294 2187 r.
320 2120 370 2187 35.
386 2122 569 2203 Propositie
589 2125 713 2204 primae
736 2123 847 2204 partis.
872 2122 1038 2188 Christum
1052 2143 1121 2188 esse
1142 2124 1236 2188 illum
1251 2147 1312 2207 po-

180 2242 253 2285 nem
276 2221 372 2301 vitoe,
397 2243 463 2305 qua
491 2225 565 2288 fidei
584 2226 747 2288 obiectum
767 2225 835 2305 ipse
856 2231 914 2288 θεῖ.
927 2257 967 2269 -
983 2223 1090 2287 Venire
1110 2225 1143 2288 in
1163 2228 1314 2292 hocloco

181 2344 249 2389 non
270 2326 359 2388 aliud
387 2332 436 2390 θεῖ
459 2345 498 2390 ac
521 2329 660 2401 credere;
686 2327 732 2391 sic
756 2328 840 2390 enim
864 2334 934 2391 tum
954 2329 1185 2392 sententiarum
1205 2332 1313 2410 paral-

182 2425 341 2503 lelismus,
364 2431 434 2490 tum
456 2429 654 2508 comparatio
675 2447 790 2491 eorum
814 2446 898 2508 quae
914 2436 990 2492 sunt
1006 2429 1038 2491 in
1053 2449 1105 2493 vr.
1127 2427 1177 2494 37.
1193 2426 1244 2496 39.
1259 2424 1310 2512 40,

177 2534 253 2589 tum
281 2527 348 2607 ipse
368 2526 515 2591 Christus
536 2528 569 2589 in
595 2548 649 2594 vv.
675 2527 725 2593 65.
747 2526 788 2593 66
813 2547 871 2591 nos
895 2529 1020 2593 docent.

259 2647 290 2690 r.
311 2625 362 2692 36.
396 2626 480 2703 Quia
506 2634 554 2693 θεῖ
577 2648 637 2709 pro
666 2649 782 2710 graece
806 2623 856 2699 ὅτι
878 2629 1177 2711 quod-Verbum
1189 2629 1315 2694 vidistis

175 2728 277 2791 hahet
289 2731 465 2810 emphasin,
482 2736 606 2811 spectat
626 2732 710 2795 enim
724 2735 765 2796 ad
785 2753 823 2797 ea
845 2753 930 2815 quae
951 2735 1035 2799 dieta
1055 2738 1181 2801 suntin
1202 2757 1234 2802 v.
1256 2737 1308 2815 26,

175 2829 265 2893 sicut
288 2838 423 2911 apparet
446 2851 488 2895 ex
516 2833 623 2897 verbis
651 2832 732 2896 Diei
758 2834 863 2909 oodis;
891 2856 1002 2900 sensus
1023 2843 1085 2901 est:
1117 2837 1242 2901 vidistis
1264 2858 1312 2901 me

178 2929 263 2994 mira
279 2940 474 3012 patrantem,
497 2932 622 2996 vidistis
643 2955 679 2997 ec
699 2957 713 2997 c
733 2936 857 3016 quitus,
878 2937 934 3018 qui
956 2936 1027 3012 sim,
1044 2938 1312 3018 apponeretis.—

178 3029 339 3113 Expolire
362 3035 615 3115 propositionem
640 3035 786 3101 Christus
811 3039 920 3120 incipit
946 3040 1064 3103 iterans
1093 3042 1236 3122 apertius
1261 3060 1311 3104 rc-

177 3134 424 3214 prehensionem
445 3156 543 3216 quam
565 3139 654 3202 initio
679 3143 835 3205 sermonis
855 3162 887 3205 r.
910 3139 951 3205 26
972 3142 1105 3219 fecerat,
1128 3161 1194 3222 quo
1215 3143 1311 3206 tacite

175 3236 361 3313 concludat,
384 3239 468 3302 sicut
487 3246 621 3320 apparet
634 3260 676 3304 ex
696 3260 776 3306 voce
794 3245 858 3317 sed,
874 3241 1023 3323 ludaeos,
1038 3249 1152 3324 utpote
1176 3246 1234 3325 qui
1255 3246 1310 3308 he-

175 3341 286 3400 sterno
311 3337 363 3400 die
389 3337 541 3403 vidissent
572 3343 702 3421 quinam
726 3345 793 3425 ipse
816 3350 910 3422 esset,
936 3363 994 3407 nec
1021 3352 1127 3409 tamen
1153 3345 1183 3408 ei
1208 3345 1310 3407 crede-

175 3443 260 3510 rent,
287 3456 393 3517 neque
420 3440 458 3502 iis
482 3442 571 3504 bonis
595 3443 753 3506 fruituros
779 3464 860 3525 quos
882 3445 1030 3526 proxime
1054 3466 1086 3509 v.
1115 3443 1155 3509 35
1184 3447 1313 3508 dixerat

174 3553 217 3598 ex
231 3536 294 3600 fide
308 3539 441 3619 percipi.
458 3539 617 3605 Videlicet
630 3545 881 3624 propositionem
902 3546 1047 3608 illustrat
1067 3545 1308 3608 denuntiatione

173 3638 253 3700 mali
277 3639 487 3720 impendentis
509 3643 572 3706 illis
601 3646 657 3724 qui
679 3664 742 3709 non
766 3647 913 3710 credunt.

253 3759 286 3802 r.
312 3737 363 3804 37.
385 3740 538 3805 Protinus
553 3744 638 3807 idem
659 3746 720 3809 hoc
742 3747 819 3810 lacit
832 3749 995 3810 contrario
1010 3753 1211 3828 argumente,
1232 3766 1308 3828 pro·

173 3840 303 3904 mittens
325 3841 395 3905 fore
417 3849 455 3906 ut
482 3844 546 3907 illis
570 3846 660 3908 honis
684 3847 706 3907 ii
732 3847 884 3912 fruantur
908 3849 964 3928 qui
989 3846 1307 3912 credunt—Vnum

172 3944 273 4020 atque
292 3941 378 4005 idem
399 3949 459 4021 est,
481 3952 520 4007 ut
539 3945 691 4024 diximus,
714 3947 819 4010 croire
839 3950 880 4012 od
901 3948 1065 4014 Christum
1080 3957 1113 4014 et
1133 3951 1253 4013 credere
1273 3950 1306 4010 in

171 4038 350 4107 Christum.
373 4042 404 4108 Is
426 4045 512 4108 venit
525 4047 565 4109 ad
581 4045 757 4128 Christum,
768 4069 871 4130 quem
885 4053 941 4114 dot
955 4050 1083 4116 Christo
1099 4060 1204 4132 pater,
1225 4051 1305 4127 sive,

169 4148 210 4206 ut
233 4143 354 4212 dicitur
381 4147 414 4210 in
437 4166 469 4217 r.
498 4145 554 4228 66,
584 4150 637 4215 eui
660 4149 757 4230 suem
778 4153 886 4218 datum
909 4162 1051 4235 epatre.
1080 4151 1148 4218 lam
1170 4171 1249 4220 vero
1274 4152 1307 4214 in
