2986 4912
621 319 722 366 uauvr
746 321 905 368 suerruvu
1260 302 1303 374 89

166 410 352 487 Galilaeus
380 408 451 483 es?
479 408 647 484 Scrutare
675 409 895 507 Scripturas,
915 424 952 486 et
980 412 1061 486 vide
1089 412 1173 511 quia
1192 437 1212 487 a
1231 412 1303 488 Ga·

167 540 277 615 lilaea
305 539 482 636 propheta
515 561 587 611 nou
626 539 753 636 surgit.

278 660 329 741 53
357 664 405 741 Et
432 666 568 741 reversi
598 679 682 740 suut
701 666 946 766 unusquisque
961 667 998 740 in
1016 668 1164 744 domum
1184 693 1301 744 suam.

615 1188 867 1240 couuuutahtvu

172 1483 206 1527 v.
230 1460 260 1526 l.
283 1403 455 1528 Christus
477 1465 538 1527 hoc
559 1482 642 1526 anno
661 1464 792 1529 videtur
807 1464 1068 1550 Hierosolymam
1080 1484 1144 1529 uon
1157 1465 1252 1530 ivisse
1266 1467 1306 1530 ad

170 1568 291 1645 pascha
305 1567 546 1629 celebrandum.
563 1563 649 1646 Lege
662 1564 771 1628 Lib.Il
786 1565 825 1629 de
839 1566 1024 1648 Evangeliis
1032 1567 1151 1632 Anuot.
1157 1566 1306 1633 LXXVII

168 1666 204 1727 in
227 1664 442 1731 Additament.

252 1787 283 1830 v.
306 1766 336 1831 2.
359 1766 436 1831 Dies
458 1768 559 1831 lestus
580 1768 789 1848 scenopegiae
811 1769 873 1830 boc
894 1787 979 1831 auno
998 1766 1039 1833 28
1057 1789 1124 1833 aor.
1141 1772 1231 1850 vulg.
1245 1770 1307 1833 luit

172 1867 225 1929 die
244 1866 286 1932 22
305 1869 508 1949 septembris.
534 1867 626 1944 Quae
647 1870 731 1930 iuter
752 1869 849 1931 huius
871 1871 944 1930 anui
965 1872 1084 1950 pascha
1098 1878 1131 1933 et
1157 1890 1309 1953 scenope-

172 1969 258 2051 giam
278 1968 426 2034 Christus
448 1971 524 2050 egit,
548 1969 683 2033 loannes
704 1971 884 2051 praeteriit.
908 1969 993 2051 Lege
1014 1969 1085 2035 Lib.
1103 1970 1135 2033 ΙΙ
1149 1972 1188 2035 de
1202 1972 1310 2038 Evan-

173 2071 264 2151 geliis
286 2068 404 2134 Aunot.
426 2069 509 2136 XCI.

251 2192 283 2236 v.
305 2170 337 2236 3.
359 2171 408 2236 De
430 2171 549 2237 Christi
570 2173 728 2236 iratribus
749 2173 890 2237 diximus
915 2193 1015 2257 supra
1037 2171 1091 2255 (ll.
1114 2208 1155 2218 -
1173 2172 1226 2237 Ex
1247 2176 1308 2238 hoc

171 2276 247 2339 loco
262 2276 415 2339 discimus
436 2294 502 2340 uon
521 2295 631 2340 omnes
647 2274 767 2340 Christi
781 2276 956 2359 discipulos
972 2295 1036 2340 uua
1051 2295 1126 2339 cum
1141 2295 1179 2339 eo
1195 2275 1306 2354 luisse,

170 2378 227 2440 scd
247 2377 368 2441 horum
388 2378 515 2458 aliquos
536 2378 568 2439 in
590 2376 710 2441 Iudaea
732 2378 875 2458 degisse,
898 2398 1001 2458 quum
1021 2379 1089 2459 ipso
1109 2378 1141 2440 in
1163 2376 1308 2443 Galilaea

170 2479 376 2544 versabatur.
400 2477 521 2544 Confer
542 2478 588 2544 Io.
612 2479 701 2559 XIX,
723 2478 774 2545 38.
797 2477 935 2545 390011.
960 2477 1050 2559 III,l
1072 2500 1162 2560 seqq.
1179 2487 1212 2544 et
1231 2479 1306 2559 vll,

171 2575 592 2662 QMQQOEL

253 2703 285 2747 u.
308 2680 339 2749 l.
362 2682 480 2749 Sensus
502 2689 571 2748 est:
594 2681 627 2748 Si
648 2686 797 2765 cognosci
818 2686 888 2762 vis,
911 2684 1019 2766 palam
1040 2685 1188 2748 omnibus
1211 2684 1308 2747 facito

172 2803 318 2866 eaquae
341 2786 429 2849 lacis.

250 2905 283 2951 v.
305 2883 336 2950 5.
360 2886 402 2950 Iis
424 2893 512 2951 certe
534 2888 690 2968 exceptis,
712 2889 739 2950 si
761 2888 818 2967 qui
839 2896 944 2966 erant,
968 2888 1026 2968 qui
1045 2888 1130 2951 inter
1145 2889 1309 2970 apostolos

171 2987 302 3051 luerunt
322 2989 457 3066 adlecti,
479 2996 518 3053 ut
539 2987 677 3053 lacobus
700 2989 836 3052 fortasse
857 2996 890 3053 et
911 2988 1008 3053 Iudas
1029 2987 1232 3053 Thaddaeus.

252 3110 283 3154 v.
305 3088 335 3155 6.
360 3089 509 3156 Christus
530 3110 645 3173 magna
671 3091 985 3172 consanguineorum
1009 3111 1047 3156 ac
1073 3092 1309 3173 discipulorum

161 3190 356 3272 ‘frequentia
377 3194 550 3256 comitatus
582 3191 844 3276 Hierosolymam
874 3193 1054 3273 ingrediens
1077 3193 1172 3256 lacila
1195 3212 1310 3275 proce-

172 3310 248 3354 rum
268 3294 390 3357 animos
412 3295 452 3355 ab
474 3295 543 3375 ipso
565 3295 629 3356 iam
650 3312 781 3358 aversos
795 3294 896 3374 magis
916 3299 1029 3356 contra
1050 3312 1084 3356 se
1105 3292 1309 3371 concitasset,

172 3395 261 3473 quod
283 3401 390 3458 tamen
411 3415 528 3460 cavere
543 3397 686 3473 volebat,
709 3397 785 3476 quia
807 3405 925 3475 tempus
939 3415 1036 3459 suum
1054 3395 1194 3456 noudum
1214 3395 1311 3457 adve-

172 3500 279 3572 nerat,
302 3495 384 3557 illud
407 3500 533 3577 tempus
556 3496 708 3560 videlicet
723 3515 788 3575 quo
803 3502 915 3578 sponte
930 3496 1077 3558 manibus
1092 3495 1227 3557 illorum
1240 3513 1310 3557 sese

173 3603 258 3659 esset
278 3597 470 3659 traditurus.
496 3595 539 3660 At
560 3597 605 3657 nil
626 3599 691 3661 tale
713 3600 812 3679 ipsius
835 3597 1077 3678 consanguineis
1098 3597 1294 3659 imminebat.

251 3718 283 3761 v.
299 3697 330 3761 7.
348 3698 443 3761 Ratio
459 3699 635 3779 dictorum;
652 3719 723 3777 cur,
741 3701 885 3781 inquam,
900 3698 1042 3776 Christo,
1059 3718 1123 3761 non
1136 3699 1214 3760 item
1229 3698 1308 3775 sule,

172 3798 359 3879 periculum
380 3819 421 3862 ex
442 3800 564 3864 celebri
586 3800 644 3863 illo
666 3801 780 3864 itincre
802 3801 1009 3880 adventuque
1030 3799 1223 3861 immineret.

254 3919 285 3963 v.
307 3898 337 3964 8.
362 3898 534 3975 Quaerunt
554 3901 746 3983 interpretes
768 3902 932 3982 quomodo
953 3903 1016 3965 hoc
1041 3898 1161 3965 Christi
1187 3899 1309 3962 dictum

175 4020 250 4065 cum
272 4001 359 4065 lacto
380 4022 411 4067 v.
434 3999 475 4069 lll
495 4005 644 4085 componi
659 4009 768 4086 queat.
786 4002 898 4067 Primo
912 4006 1023 4085 itaque
1037 4002 1257 4067 animadverte
1271 4010 1311 4064 ut

243 4165 501 4239 mmmmm
