2986 4912
421 324 524 371 mrvr
547 324 688 371 1111111
709 325 854 382 1111111
1143 309 1204 378 tlt

169 409 193 488 9
221 413 323 490 81111
340 413 474 489 dilexit
500 435 560 488 me
575 411 697 501 Potor,
712 427 750 489 et
764 438 832 513 ego
848 412 961 490 dilexi
980 438 1059 490 vos.
1079 412 1203 491 Mone-

65 556 102 617 te
117 542 154 615 in
175 542 368 618 dilectione
388 564 482 616 mea.
1227 628 1237 637 ,

173 663 222 742 10
250 668 288 744 81
316 680 512 768 praecepta
539 690 624 742 meu
656 667 901 756 servaveritis,
944 667 1139 745 manebitis
1166 671 1204 745 in

61 795 255 871 dilectione
273 818 369 883 mea,
398 796 493 870 sicut
518 808 558 869 et
585 817 652 892 ego
680 794 800 869 Patris
818 795 891 869 mei
909 809 1106 894 praecepto
1125 821 1204 873 ser-

63 923 160 1008 vavi,
188 936 226 996 et
253 946 384 999 maneo
412 922 448 996 in
476 922 553 998 eius
572 922 777 998 dilectione.

171 1044 216 1125 ll
248 1048 508 1125 Haeclocutus
527 1074 608 1125 sum
636 1050 751 1125 vobis:
772 1063 814 1126 ut
827 1052 997 1148 goudium
1025 1075 1148 1127 meum
1168 1053 1204 1128 in

63 1177 166 1253 vohis
194 1177 255 1262 sit,
284 1190 322 1251 et
349 1178 519 1274 goudium
547 1188 711 1252 vestrum
738 1177 947 1275 impleatur.
1151 1168 1154 1173 ’

172 1300 221 1381 12
249 1303 326 1380 Hoc
357 1318 415 1380 est
442 1319 676 1404 praeceptum
704 1328 828 1380 meum
856 1321 898 1383 ut
924 1307 1081 1406 diligatis
1108 1308 1206 1383 invi·

62 1456 159 1520 com,
187 1434 282 1508 sicut
308 1432 419 1507 dilexi
447 1456 527 1509 vos.

173 1556 222 1638 13
252 1561 425 1636 Maiorem
448 1563 516 1636 hac
542 1562 772 1637 dilectionem
796 1586 903 1637 nemo
922 1562 1046 1651 habet,
1064 1574 1107 1640 ut
1125 1564 1207 1639 nui·

63 1693 162 1744 mum
190 1692 295 1744 suom
322 1681 434 1767 ponat
461 1668 542 1771 quis
560 1693 627 1768 pro
654 1669 780 1744 amicis
807 1669 897 1743 suis.

171 1786 222 1868 id
249 1792 323 1868 Vos
349 1794 456 1869 amici
470 1793 542 1869 mei
558 1795 661 1882 estis,
681 1795 713 1869 si
732 1794 893 1870 feceritis
907 1819 999 1893 quae
1018 1821 1085 1896 ego
1104 1822 1206 1897 prac-

63 1922 158 2021 cipio
185 1921 301 1997 vobis.

172 2042 221 2124 15
250 2048 327 2123 lam
354 2072 425 2124 non
445 2048 564 2124 dicam
584 2074 649 2124 vos
677 2073 815 2126 servos:
831 2051 915 2149 quio
935 2076 1062 2128 servus
1088 2054 1207 2130 nescit

65 2176 152 2275 quid
179 2175 291 2250 116111
317 2175 485 2251 dominus
512 2177 603 2251 eius.
625 2176 697 2252 Vos
716 2174 839 2255 nutem
858 2180 931 2254 dixi
952 2181 1101 2254 amicos:
1118 2181 1202 2279 quia

63 2304 185 2380 omnio
200 2327 449 2402 quoecumque
470 2304 591 2379 audivi
611 2329 632 2378 a
648 2304 755 2380 Patre
775 2331 872 2390 meo,
890 2318 977 2381 nota
995 2307 1066 2382 feci
1084 2308 1202 2384 vobis.

167 2427 222 2508 16
249 2430 327 2507 Non
343 2456 480 2509 vosme
508 2431 681 2531 elegistis:
711 2436 775 2509 sed
802 2435 976 2533 egoelogi
992 2418 1205 2536 vostetpo-

64 2562 121 2637 sui
149 2585 214 2637 vos
242 2575 284 2637 ut
311 2562 417 2648 eatis,
437 2573 476 2635 et
494 2558 652 2636 fructum
675 2562 847 2637 efferatis:
867 2576 906 2637 et
924 2561 1065 2639 fructus
1084 2576 1206 2639 vester

63 2702 224 2765 moment:
254 2701 295 2764 ut
322 2688 573 2788 quodcumque
601 2689 781 2788 petieritis
808 2689 955 2764 Patrem
993 2691 1203 2767 innomine

63 2840 161 2902 meo,
188 2817 251 2892 det
278 2815 393 2890 vobis.
575 2896 579 2905 ⁸

173 2938 223 3020 17
250 2943 349 3022 Haec
375 2943 508 3020 mando
536 2943 654 3032 vobis,
682 2958 724 3022 ut
750 2945 907 3042 diligetis
926 2945 1095 3021 invicem.

173 3066 223 3148 18
250 3071 288 3147 81
314 3072 471 3148 muudus
498 3096 563 3147 vos
590 3073 679 3148 odit:
696 3072 825 3150 scitoto
853 3074 937 3172 quia
957 3097 1016 3149 me
1043 3073 1202 3174 priorem

62 3200 167 3277 vobis
193 3202 276 3276 odio
303 3200 443 3275 habuit.

112 3389 114 3393 ,
170 3323 220 3405 19
247 3329 284 3404 81
312 3330 356 3404 16
388 3329 523 3404 mundo
551 3328 738 3405 fuissetis:
775 3330 931 3406 mundus
962 3331 1059 3431 quod
1092 3355 1200 3409 suum

61 3470 143 3533 erat
168 3456 346 3556 diligeret:
374 3456 459 3555 quio
485 3480 573 3531 vero
598 3456 644 3532 de
659 3458 793 3533 mundo
820 3458 1011 3544 nonestis,
1040 3459 1105 3535 sed
1134 3483 1201 3560 ego

61 3585 155 3684 elegi
183 3609 248 3660 vos
275 3586 319 3659 do
347 3584 496 3670 mundo,
523 3596 716 3683 propterea
745 3587 822 3661 odit
842 3611 907 3661 vos
926 3588 1094 3663 mundus.

167 3707 220 3788 20
249 3710 471 3786 Mementote
486 3712 666 3786 sermonis
680 3713 767 3799 mei,
782 3737 891 3812 quem
912 3736 978 3812 ego
992 3713 1068 3786 dixi
1083 3712 1200 3790 vobis:

61 3838 141 3916 Non
168 3851 226 3915 ost
240 3864 366 3917 servus
385 3839 502 3914 maior
519 3840 664 3914 domino
679 3864 758 3914 suo.
774 3839 812 3914 81
832 3864 890 3916 me
904 3842 1087 3940 persecuti
1101 3854 1201 3928 sunt,

62 3986 102 4044 ct
122 3993 186 4043 vos
199 3981 474 4068 persequentur:
492 3968 521 4044 si
537 3993 743 4045 sermonem
758 3993 881 4045 meum
897 3982 1147 4060 servaverunt,
1162 3983 1202 4046 et

62 4111 227 4175 vestrum
255 4097 465 4176 servabunt.
