2986 4912
631 314 734 363 csrrr
757 313 902 372 ovinam
1299 298 1341 366 59

193 403 373 464 humanum
394 402 434 464 ad
456 401 557 463 vitam
577 399 704 462 redibit.
728 397 818 461 Hace
832 416 964 477 quoque
985 396 1025 459 de
1045 396 1270 460 commeatione
1284 399 1334 460 ei-

194 512 245 564 tos
265 503 351 567 dicta
371 521 440 566 θεεθ
460 501 668 581 intelligimus
691 507 760 563 tum
781 519 824 562 ex
838 517 937 561 versu
950 500 1151 578 insequente,
1171 506 1241 562 tum
1254 502 1331 578 quia

194 605 292 665 aliter
306 603 362 667 vix
379 603 536 683 explicari
550 608 679 682 possent
692 583 800 682 prima¹
810 599 910 664 verba
925 612 1041 662 versus
1049 597 1099 662 28.
1108 633 1148 643 -
1157 597 1332 664 Considera

190 704 375 765 absolutam
403 708 437 766 et
463 703 641 782 simplicem
669 701 918 782 appellationem
942 697 1005 780 filii
1024 698 1085 760 Dei
1092 743 1104 772 ,
1125 701 1223 762 etiam
1243 703 1276 763 in
1296 721 1328 765 v.

188 801 241 866 28.
254 801 342 865 -In
363 803 412 865 his
433 823 487 867 vv.
509 799 550 865 25
571 808 603 865 et
623 801 675 879 26,
699 809 737 864 ut
758 803 911 878 diximus,
933 801 1146 864 confirmatur
1166 801 1268 878 illud,
1291 803 1331 866 de

190 920 258 980 quo
280 902 381 964 estin
400 921 433 964 v.
455 900 515 976 2l,
537 906 729 980 argumento
750 903 851 983 petito
873 920 915 963 ex
936 900 984 963 rei
1004 917 1128 963 caussa.

269 1021 301 1064 v.
324 999 375 1066 26.
399 1001 488 1064 Haec
510 1020 624 1063 caussa
645 1002 802 1082 aperitur.
825 1000 910 1065 Nota
932 1001 1014 1062 illud
1035 998 1142 1073 θέσθω
1171 1019 1236 1063 non
1263 1002 1327 1064 alia

188 1120 296 1180 neque
318 1102 382 1163 alio
404 1101 501 1163 modo
522 1101 650 1166 vivifica
670 1102 750 1163 haec
772 1107 914 1179 potestas
934 1101 967 1160 in
992 1099 1059 1161 tilio
1087 1106 1136 1161 cst
1162 1119 1200 1163 ac
1227 1101 1268 1163 sit
1295 1103 1328 1164 in

186 1207 293 1280 patre.
317 1200 426 1280 Longe
447 1202 531 1264 alius
552 1220 664 1263 sensus
686 1207 734 1263 est
753 1201 889 1262 illorum
910 1199 1029 1264 Christi
1042 1200 1239 1263 verborum:
1256 1200 1328 1264 Non

187 1298 341 1361 hahebitis
361 1300 460 1362 eitam
480 1299 517 1362 ia
539 1298 690 1380 aedisti).
715 1298 752 1360 In
775 1299 839 1360 illis
867 1298 934 1360 etta
962 1304 1011 1361 est
1038 1299 1190 1376 effectus,
1219 1301 1252 1360 iu
1280 1301 1329 1364 his

187 1418 270 1463 vero
291 1419 415 1463 caussa.
439 1401 554 1480 Neque
575 1402 608 1463 in
628 1401 687 1462 illo
707 1400 782 1463 loco
803 1406 852 1461 cst
870 1397 908 1460 in
928 1397 1178 1479 vobismetipsis,
1193 1400 1277 1462 sicut
1294 1401 1328 1462 in

185 1500 250 1563 hoe
271 1506 320 1562 est
340 1499 376 1561 in
396 1510 488 1562 semet
508 1499 589 1581 ipso,
608 1500 663 1564 sed
686 1499 722 1563 io
742 1497 847 1572 cadim
870 1517 1014 1578 quorum
1035 1498 1113 1578 quid
1133 1497 1324 1561 discriminis

183 1601 239 1678 sit,
262 1601 358 1663 facile
379 1603 544 1664 sentimus.

269 1719 302 1762 v.
322 1697 374 1762 27.
397 1698 608 1763 Confirmatio
630 1706 663 1762 ct
683 1717 797 1762 caussa
822 1698 953 1760 eiusde
980 1716 1047 1777 quo
1075 1702 1124 1759 est
1149 1698 1182 1759 in
1210 1717 1242 1760 v.
1271 1695 1323 1760 22.

186 1798 357 1875 Quaenam
377 1802 459 1864 haec
481 1799 620 1865 caussa?
636 1798 721 1875 Quia
740 1798 827 1878 fitius
847 1796 984 1859 hernicis
1004 1806 1058 1860 est.
1076 1797 1204 1861 Etenim
1224 1798 1323 1876 iilius,

183 1900 291 1979 inquit
313 1899 529 1980 Augustinus,
546 1920 660 1981 passus
682 1909 775 1961 estse
796 1897 896 1961 teneri
915 1907 952 1960 ut
971 1898 1078 1973 domm
1094 1917 1159 1960 aaa
1180 1899 1264 1962 caim
1284 1909 1327 1962 te-

183 2011 311 2063 neretur
331 2002 398 2065 nisi
418 2004 518 2077 homo,
530 2049 538 2064 .
551 2013 647 2065 ..aut
667 2005 844 2066 caederetur
864 2001 931 2064 nisi
951 2004 1052 2076 homo,
1075 2011 1132 2064 aut
1152 2001 1241 2064 cruci
1252 2005 1326 2083 fipe-

181 2109 272 2163 retur
292 2111 349 2164 aut
367 2111 540 2164 moreretur
559 2101 626 2163 nisi
646 2104 734 2164 homo
745 2102 797 2183 (2).
809 2103 920 2180 Quum
941 2105 1021 2165 haec
1035 2105 1076 2164 ab
1093 2104 1277 2165 hominibus
1291 2111 1324 2166 et

183 2219 245 2280 pro
267 2202 448 2265 hominibus
469 2209 507 2264 ut
528 2203 626 2264 homo
648 2222 820 2283 perpessus
841 2205 895 2280 sit,
911 2223 971 2283 par
991 2209 1062 2265 erat
1082 2204 1141 2283 ipsi
1163 2210 1201 2264 ut
1221 2204 1325 2265 homi·

178 2302 213 2362 ni
234 2302 391 2366 iudicium
411 2303 555 2385 permitti
576 2304 615 2366 de
637 2304 819 2367 hominihus
841 2304 1034 2366 iaciendum.
1058 2303 1142 2366 Hinc
1165 2304 1250 2366 ratio
1276 2303 1324 2364 di·

177 2404 351 2478 scriminis,
376 2406 463 2482 quod
485 2404 517 2464 in
538 2422 569 2466 v.
585 2400 625 2466 25
647 2401 794 2466 Christus
816 2421 850 2465 se
871 2401 972 2482 fitium
993 2401 1053 2465 Dei
1073 2403 1226 2483 appellet,
1245 2420 1323 2466 mox

175 2506 289 2563 autem
310 2503 343 2563 in
365 2522 395 2566 v.
418 2501 458 2565 27
478 2501 581 2582 fitium
599 2498 755 2574 hominis;
772 2521 846 2563 nam
860 2512 997 2563 mortuos
1010 2500 1172 2581 vivificare
1186 2500 1246 2564 Dei
1261 2510 1321 2580 est,

173 2598 333 2663 iudicium
352 2605 455 2683 secere
482 2608 531 2665 est
559 2601 715 2676 hominis,
738 2605 918 2680 utrumque
939 2600 1059 2665 Christi
1081 2601 1284 2700 θεανθρωπου.

259 2725 313 2770 vv.
336 2705 377 2771 28
395 2705 446 2773 29.
471 2706 558 2783 Quid
579 2710 662 2772 illud
690 2711 777 2789 quod
800 2707 912 2770 ludaei
939 2708 1052 2769 mirari
1079 2702 1323 2787 prohibentur?

178 2802 212 2868 Si
232 2805 266 2867 id
286 2808 375 2885 quod
396 2809 632 2887 sequitur,hoc
654 2815 703 2871 est
724 2809 868 2871 universi
897 2808 1022 2887 generis
1042 2807 1175 2869 humani
1196 2824 1213 2867 e
1234 2823 1322 2866 mor-

177 2904 242 2966 tuis
263 2906 443 2983 suscitatio,
467 2908 613 2970 addenda
635 2909 750 2970 luisset
771 2927 885 2970 caussa
900 2926 961 2969 cur
973 2907 1006 2967 id
1020 2906 1134 2968 mirari
1146 2923 1211 2967 non
1224 2923 1321 2985 opor·

176 3008 255 3078 teat,
278 3023 363 3083 quae
384 3011 492 3068 tamen
511 3008 604 3068 nulla
625 3006 757 3069 additur
764 3028 776 3086 3
800 3012 904 3083 certe,
928 3024 1087 3085 quaenam
1108 3025 1146 3068 ea
1166 3005 1224 3081 sit,
1254 3023 1319 3067 non

174 3110 321 3183 apparet.
351 3104 435 3167 Tum
464 3107 554 3169 illam
583 3127 652 3170 rem
682 3107 814 3184 Iudaei,
844 3109 937 3169 velut
963 3108 1041 3187 quid
1068 3126 1191 3168 novum
1218 3111 1317 3184 atquc

174 3203 370 3282 inauditum,
393 3208 506 3269 mirari
528 3211 592 3270 non
612 3215 776 3289 poterant,
800 3210 918 3286 quihus
938 3208 1154 3269 indubitatum
1169 3213 1240 3269 erat
1259 3210 1318 3280 ho·

173 3303 277 3366 mines
298 3323 409 3367 omnes
431 3326 499 3368 esse
522 3308 650 3370 tandem
670 3317 916 3373 resurrecturos
938 3327 955 3370 e
976 3308 1126 3386 mortuis3
1142 3308 1229 3386 quod
1244 3308 1270 3369 si
1284 3307 1317 3368 id

173 3410 212 3466 ut
233 3405 361 3468 divinae
382 3408 634 3487 omnipotentiae
656 3428 738 3489 opus
759 3411 982 3483 mirabantur,
1010 3409 1174 3488 probanda
1198 3406 1317 3487 procul

172 3503 273 3566 dubio
294 3511 329 3566 et
349 3490 603 3569 commendanda
620 3508 733 3572 luisset
747 3511 820 3571 talis
835 3509 1017 3570 admiratio.
1034 3506 1148 3586 Itaque
1168 3504 1317 3569 Christus

173 3601 334 3681 loquutus
356 3604 465 3666 iuerat
486 3605 525 3666 de
545 3606 773 3668 resurrectione
793 3607 896 3680 vitam·
916 3626 958 3669 ex
979 3625 1044 3686 quo
1065 3607 1138 3684 quis
1158 3605 1317 3685 suspicari

173 3703 332 3782 potuisset
353 3701 520 3766 Christum
541 3706 650 3768 dicere
670 3725 735 3768 non
755 3707 836 3770 alios
857 3707 1039 3769 revicturos
1060 3723 1129 3766 esse
1149 3704 1210 3765 nisi
1230 3723 1313 3782 quos

170 3801 360 3864 resurrectio
381 3802 465 3864 vitae
486 3811 644 3882 maneret,
667 3808 755 3885 quod
776 3825 851 3869 sane
871 3823 996 3888 novum
1014 3802 1212 3868 ludaeorum
1226 3804 1314 3866 auri-

240 4010 279 4074 (l)
299 4013 337 4061 lo.
356 4013 412 4078 Vl,
430 4012 474 4063 di.

238 4099 275 4168 (2)
292 4103 323 4152 ln
342 4105 385 4154 Pa.
404 4105 487 4155 illiti
499 4137 507 4171 ,
527 4106 552 4154 8.
