2986 4912
542 345 645 396 curvr
668 347 807 396 nocturn
829 346 936 397 uentu
1246 329 1310 400 215

275 433 335 513 ,44
361 436 563 537 Respondit
594 437 750 514 Pilatus:
769 435 876 529 Quod
903 439 1044 537 scripsi,
1071 429 1212 539 scripsi.

279 560 332 640 43
351 564 485 641 Milites
500 588 587 664 ergo
602 587 687 639 cum
703 563 969 639 crucifixissent
982 589 1080 652 eum,
1095 581 1314 667 acceperunt

158 691 394 767 uestimenta
421 693 514 777 eius,
531 688 544 790 (
559 704 597 766 et
620 692 785 766 fecerunt
810 704 1002 790 quattuor
1005 707 1145 791 partes:
1135 673 1314 771 ·unicui·

172 844 243 918 que
280 820 388 896 militi
413 817 588 920 partem)
616 819 851 894 ettuuicom.¹
863 817 955 894 Erat
973 833 1099 895 autem
1115 824 1237 897 tunica
1264 821 1314 896 in·

173 950 376 1032 consutilis,
402 949 558 1047 desuper
584 959 756 1022 contexta
788 960 1014 1046 pestutum.

279 1069 347 1151 44
360 1074 538 1150 Duxerunt
547 1096 633 1172 ergo
648 1073 718 1148 ad
708 1074 875 1148 roricum:
895 1071 974 1148 Non
993 1075 1199 1155 scindamus
1217 1097 1313 1163 eam,

174 1203 238 1276 sed
266 1203 462 1278 sortiamur
488 1202 532 1275 de
561 1201 623 1275 illa
657 1200 759 1275 cuius
788 1201 848 1274 sit.
870 1200 918 1276 Vt
936 1201 1121 1301 Scriptura
1140 1203 1314 1304 implere-

174 1330 248 1417 tur,¹
279 1330 415 1407 diceus:
444 1309 574 1405 Partiti
610 1343 696 1404 sunt
728 1329 955 1403 vestimento
975 1352 1057 1404 maa
1091 1330 1185 1405 sibit*
1206 1344 1245 1405 et
1276 1332 1312 1405 in

173 1471 316 1533 restem
334 1479 454 1532 meam
472 1457 652 1532 miserunt
671 1469 823 1532 sortem.
840 1455 888 1530 Et
907 1456 1204 1556 militesquidem
1220 1459 1315 1535 hacc

174 1585 352 1661 fecerunt.
442 1636 446 1643 ·
488 1616 491 1624 ¹
1176 1650 1178 1654 ,
1236 1652 1238 1657 ,

179 1774 190 1790 .,
279 1708 333 1788 45
359 1711 514 1789 Stabant
533 1697 657 1787 autem
687 1713 791 1787 iuxta
810 1732 962 1786 crucem·
984 1711 1206 1791 Iesu-mater
1223 1712 1315 1800 cius,

162 1856 212 1917 at
239 1839 497 1916 sorcr'matris
511 1839 603 1928 eius,
623 1838 735 1914 Maria
762 1838 963 1940 Cleophue,¹
982 1853 1021 1914 et
1039 1839 1152 1916 Maria
1165 1839 1316 1941 Magda-

164 1969 280 2045 elene„

175 2141 202 2148 ,,
242 2152 245 2163 ,
274 2069 333 2172 46
360 2073 622 2155 Cumvidisset
650 2097 736 2174 ergo
764 2074 865 2149 lasus
885 2089 1064 2161 matrem,
1082 2087 1134 2150 et
1157 2075 1316 2174 discipu

166 2203 270 2285 inm
279 2216 454 2289 stantem,
476 2225 585 2302 quem
603 2201 788 2300 diligebat,
807 2201 897 2278 dicit
913 2203 1028 2278 matri
1042 2225 1143 2278 suae:
1163 2201 1315 2287 Mulier,

175 2355 259 2406 ecce
287 2331 383 2406 filius
401 2344 501 2406 tuus.

227 2452 334 2535 47
363 2457 602 2533 Deindedicit
619 2455 808 2554 discipulo:
837 2455 932 2532 Ecca
952 2470 1072 2531 mater
1097 2467 1184 2546 tua
1189 2455 1253 2533 Et
1270 2478 1317 2531 ex

174 2518 235 2663 uta
262 2589 351 2664 hora
383 2587 523 2684 accepit
554 2609 634 2661 eam
664 2584 890 2684 discipulus
880 2608 925 2660 m
941 2609 1019 2659 sua.
1111 2614 1114 2621 a

282 2714 336 2795 48
362 2718 495 2798 Postea
522 2723 641 2797 sciens
668 2722 770 2797 lesus
797 2721 881 2820 quia
910 2720 1032 2797 omnia
1064 2732 1317 2796 consummata

178 2859 278 2934 suut,
306 2861 362 2924 ut.
379 2865 695 2937 consummaretur
712 2849 912 2948 Scriptura,
948 2847 1053 2924 dixit:
1082 2847 1189 2923 stuc
1274 2895 1276 2899 «

283 2969 336 3049 49
365 2975 437 3051 Vas
464 3001 550 3075 ergo
577 2991 658 3052 erat
674 2976 834 3076 positum
862 2988 966 3050 aceto
987 2974 1153 3074 plenum.
1178 2973 1233 3068 Ilii
1253 2998 1319 3051 au·

178 3114 254 3175 tem
284 3104 472 3202 spongiam
498 3103 646 3202 plenam
664 3117 782 3191 aceto,
801 3103 963 3202 hyssopo
992 3103 1318 3252 circumponentes,

162 3229 391 3306 obtulerunt
417 3233 471 3306 ori
499 3231 591 3306 eius.

285 3352 337 3435 30
364 3357 457 3436 Cum
485 3383 572 3457 ergo
599 3358 798 3457 accepisset
813 3306 1089 3444 lesusscctum,
1104 3357 1320 3435 uisitation-

179 3499 403 3563 summatum
431 3500 500 3562 est.
530 3486 578 3562 Et
605 3487 777 3563 inclinato
804 3487 923 3586 capite
954 3486 1119 3578 tradidit·
1135 3485 1317 3583 spiritum.

286 3610 334 3691 31
367 3616 490 3692 ludaei
517 3639 616 3714 crgo,
634 3614 646 3714 (
666 3617 838 3714 quoniam
879 3614 1081 3690 Parascevc
1123 3617 1233 3713 erat)
1278 3624 1320 3688 ut

179 3767 253 3818 non
280 3758 512 3820 remanerent
538 3745 575 3817 io
602 3767 709 3818 cruce
729 3766 879 3842 corpora
905 3738 1102 3838 sabbam(
1122 3741 1316 3815 eratenim

179 3896 334 3970 mugnus
359 3872 438 3947 dies
453 3872 515 3948 ille
543 3871 691 3947 Sabbati
712 3869 724 3971 4
744 3884 964 3968 rogaverunt
982 3869 1140 3945 Pilatum
1160 3882 1202 3943 ut
1220 3867 1320 3942 iran-

178 4013 352 4098 gereotur
376 4024 502 4075 eorum
531 4023 648 4086 crura,
676 3996 968 4074 attollerentur.

289 4121 340 4203 34
369 4127 554 4205 Venerunt
578 4152 664 4226 ergo
692 4126 842 4201 milites:
871 4138 910 4199 et
941 4124 1048 4222 primi
1075 4123 1223 4224 quidem
1249 4120 1323 4197 frc-

181 4270 313 4356 geruut
339 4281 459 4346 crura,
487 4271 526 4332 ct
549 4258 713 4346 alterius,
737 4255 799 4356 qui
827 4252 1022 4330 crucifixus
1048 4266 1107 4328 cst
1125 4271 1208 4328 cum
1236 4273 1295 4326 co.
