2986 4912
480 357 584 406 eervr
607 352 778 409 vteusrrvu
1141 338 1200 408 227
1256 325 1261 340 '

142 461 174 508 v.
195 435 246 508 19.
269 441 362 519 Quae
382 444 446 505 iam
469 441 604 507 Ioannes
625 450 750 520 narrat,
766 447 855 523 geste
876 459 945 505 esse
959 442 1111 507 videntur
1132 445 1205 526 pos't

62 542 139 607 soils
161 560 322 607 occasum.
339 541 424 625 Lege
445 541 516 606 Lib.
536 540 567 605 Il
583 544 622 606 de
645 541 831 623 Evangeliis
853 539 971 605 Annot.
993 539 1136 607 CCXIII.
1152 541 1202 605 Ita
1226 560 1229 565 ·

63 640 191 709 Iudaeis
216 644 283 706 dies
303 645 444 708 secunda
461 644 683 707 hebdomadae
704 644 768 705 iam
788 642 963 723 inceperat.
981 640 1043 707 Sed
1065 644 1115 706 fac
1139 662 1205 706 me·
1298 673 1300 680 ·

64 745 196 821 mineris
215 746 307 824 eius,
330 747 418 827 quod
440 765 502 810 non
523 745 624 809 semel
646 745 852 822 notavimus,
876 763 894 806 a
915 743 1034 808 Ioanne
1055 746 1087 806 in
1108 764 1204 809 evan-

64 846 149 928 gelio
170 847 283 910 diebus
304 848 453 911 civilibus
484 847 611 909 initium
633 845 726 921 lieri,
749 864 813 907 non
837 865 912 911 cum
934 843 1061 909 Iudaeis
1083 864 1203 909 occasu

62 947 153 1024 solis,
175 949 231 1013 sed
252 967 328 1011 cum
348 947 501 1012 Romanis
522 948 626 1010 noctis
649 947 767 1010 medlo.
790 945 981 1027 legequae
1002 947 1142 1011 dirimas
1164 948 1221 1028 de·

65 1045 113 1111 Io.
135 1044 211 1133 XII,
233 1041 263 1113 1.
286 1047 348 1130 123
369 1048 471 1128 XIII,
494 1047 524 1114 l.
546 1084 587 1095 —
608 1046 686 1112 Poe
705 1046 802 1111 vobis.
825 1047 914 1112 llaec
935 1050 1028 1130 quasi
1048 1048 1211 1128 quaedam

67 1147 216 1215 formula,
230 1152 431 1215 salutationis
463 1170 533 1215 esse
555 1152 659 1232 vulgo
682 1151 829 1214 creditur
840 1193 852 1224 ,
881 1150 967 1213 idem
987 1151 1097 1214 valens
1118 1152 1206 1231 quod

31 1277 35 1286 ·
67 1250 157 1314 nobis
176 1250 273 1330 soloe,
296 1252 429 1325 saloete;
445 1270 561 1315 verum
583 1266 622 1314 ea
644 1252 695 1314 uti
717 1270 787 1315 mos
809 1257 881 1314 erat
895 1257 971 1314 tunc
985 1252 1204 1328 solummodo,

66 1369 169 1432 quum
190 1353 262 1432 quIs
282 1352 437 1430 alterum,
461 1352 515 1415 cui
536 1353 739 1432 Improvisus
761 1352 885 1427 aderat,
908 1352 1058 1414 monebat
1078 1351 1207 1413 nullum

65 1451 139 1515 Inde
159 1458 283 1516 metum
304 1453 503 1534 conciperet,
530 1460 727 1534 conceptum
748 1465 829 1516 vero
854 1453 1041 1516 amandaret
1051 1472 1063 1532 3
1085 1440 1143 1516 nos
1162 1451 1208 1515 ita
1235 1468 1242 1482 ¹

66 1553 293 1633 loqueremur:
316 1547 362 1619 Ne
382 1552 460 1636 quid
480 1552 603 1628 timeas,
626 1548 760 1617 Securos
780 1562 853 1616 esto.

147 1673 179 1717 r.
194 1651 246 1721 20.
263 1653 400 1718 Frustra
420 1662 496 1717 sunt
509 1655 566 1734 qui
581 1673 624 1717 ex
637 1654 686 1716 hIs
701 1659 845 1734 arguunt
859 1651 979 1717 Christi
1000 1652 1096 1733 pedes
1111 1652 1202 1715 eruci

67 1769 132 1818 non
154 1755 254 1819 clavis
274 1754 386 1818 affixos
408 1756 519 1832 fuisse,
542 1756 597 1818 sed
619 1755 751 1818 funibus
773 1754 935 1835 alligatos3
956 1773 1030 1817 nam
1051 1774 1094 1817 ex
1114 1752 1204 1817 Luca

69 1848 220 1913 dIseimus
242 1845 407 1913 Christum
429 1848 598 1930 dIscipulis
620 1849 717 1912 etiam
738 1848 835 1929 pedes
857 1848 1031 1912 ostendisse
1053 1845 1107 1928 (I).

152 1968 185 2014 v.
207 1947 258 2014 21.
280 1949 400 2014 Confer
421 1949 468 2014 Io.
489 1949 594 2028 XVII,
615 1942 667 2014 18.

147 2070 180 2115 v.
200 2049 252 2116 22.
276 2048 453 2117 Insuhlatio
483 2053 667 2137 symbolum
689 2051 753 2115 fuit
773 2050 909 2114 dationis
930 2048 1069 2132 Spiritus
1093 2045 1209 2130 sancti3

72 2150 166 2213 datus
187 2157 298 2215 autem
318 2171 355 2216 re
377 2152 446 2234 ipsa
467 2153 520 2215 hle
535 2170 553 2214 a
569 2150 698 2216 Christo
720 2149 884 2231 dIscipulis
905 2156 954 2214 est
973 2151 1093 2214 verbis:
1116 2147 1210 2214 Acci-

68 2250 136 2332 pite
156 2247 310 2334 Spiritum
329 2262 483 2317 sanctem.
506 2252 626 2317 Confer
645 2251 693 2317 lo.
719 2249 793 2329 VII,
815 2248 867 2316 39.

155 2372 188 2418 v.
209 2351 260 2417 23.
283 2353 464 2418 Concilium
484 2352 720 2417 Tridentiuum:
744 2347 780 2416 Si
800 2351 870 2433 quis
891 2352 1010 2416 dixerit
1038 2352 1132 2415 verbo
1151 2352 1213 2415 illo

73 2447 263 2518 salvame-
284 2448 426 2536 Accipite
443 2446 598 2535 Spe'ritem
611 2463 775 2526 sanctem
790 2472 922 2536 quorem
942 2453 1126 2518 remiseritis
1140 2474 1213 2536 pcc-

74 2563 160 2628 coto,
181 2549 386 2618 remitteretur
406 2553 463 2633 eis,
490 2565 518 2617 et
538 2569 670 2636 quorem
694 2549 890 2618 retinueritis
904 2564 1025 2620 retento
1045 2564 1133 2631 seret,
1148 2574 1213 2618 oon

73 2673 136 2717 esso
154 2653 362 2736 intelliqertdo
381 2653 418 2718 de
433 2664 585 2738 potestate
603 2654 784 2719 remittendi
805 2665 833 2717 ct
852 2655 1011 2720 retinendi
1024 2664 1156 2738 peceato
1176 2645 1227 2718 ire¹

73 2765 270 2819 recremento
284 2755 511 2839 poenitentioe,
531 2755 614 2820 sicet
634 2755 763 2819 ecclesio
783 2754 940 2818 catholico
960 2756 998 2819 ob
1019 2754 1114 2819 initio
1135 2775 1211 2819 sem·

72 2876 133 2938 per
151 2854 322 2932 intellexit,
343 2855 507 2920 detorserit
526 2865 642 2931 autem,
664 2865 776 2918 contro
796 2853 1026 2918 iustitutionem
1050 2853 1144 2917 boios
1164 2875 1215 2918 so-

77 2951 254 3032 crementi,
276 2959 319 3020 od
339 2951 556 3022 auctoritatem
572 2953 785 3038 praedicendi
809 2951 1025 3036 connectione,
1040 2949 1216 3018 'anathemo

76 3054 119 3119 sit
139 3055 193 3137 (2).
216 3056 391 3122 Enimvero
412 3058 610 3137 potuissetne
632 3054 779 3120 Christus
799 3052 1018 3136 apertioribus
1032 3074 1071 3120 ac
1088 3055 1211 3137 perspi-

78 3155 244 3223 cuioribus
265 3160 373 3222 verbis
393 3160 443 3223 uti
462 3159 504 3223 ed
525 3161 607 3222 hanc
628 3176 698 3222 rem
717 3153 984 3238 significandam?

160 3279 192 3324 v.
214 3255 265 3326 21.
287 3259 408 3324 Confer
428 3257 476 3324 Io.
499 3257 558 3336 XI,
580 3257 643 3340 16ΙΙ

160 3381 191 3426 v.
211 3360 263 3428 26.
286 3360 364 3425 Post
382 3359 448 3424 dies
461 3371 542 3434 octo,
558 3363 621 3424 hoe
642 3367 691 3425 est
711 3369 829 3425 octavo
842 3369 915 3442 post
932 3363 995 3440 die,
1018 3361 1075 3442 qui
1095 3361 1219 3442 primus

81 3461 144 3526 fuit
178 3459 398 3527 hebdomadae
431 3462 640 3544 insequentis.
677 3457 762 3543 Lege
793 3455 863 3525 Lib.
898 3454 929 3524 11
960 3462 999 3525 de
1034 3455 1218 3542 Evangeliis

82 3559 200 3625 Annot.
225 3559 365 3627 CCXIV.

160 3681 192 3726 v.
212 3659 263 3726 21.
285 3660 322 3724 Id
344 3667 451 3725 tamen
464 3661 573 3726 facere
588 3660 727 3724 Thomas
748 3680 811 3725 non
833 3681 932 3725 ausus
954 3662 1052 3724 fulsse
1072 3662 1213 3725 ridetur.

159 3781 190 3827 v.
212 3760 263 3827 28.
286 3760 442 3824 Dominus
462 3781 546 3826 meos
567 3772 596 3824 et
615 3762 700 3825 Deus
718 3781 813 3826 moes.
838 3761 902 3839 Qui
922 3771 1040 3843 negant
1059 3761 1215 3826 Thomam

84 3861 164 3928 haec
185 3865 411 3947 pronuntiasse
433 3864 656 3948 compellando
676 3865 781 3945 ipsum
803 3863 981 3941 Christum,
1004 3865 1059 3926 sed
1080 3863 1219 3927 admira·

152 4093 189 4162 (1)
206 4095 270 4148 lue.
289 4095 387 4164 xxiv,
407 4093 449 4146 so.
468 4089 511 4148 It.

155 4189 192 4258 (2)
209 4191 303 4244 concil.
324 4191 440 4246 Trideat.
460 4191 527 4245 Sese.
546 4188 609 4244 XIV
632 4189 665 4242 de
683 4186 785 4242 Posuit.
803 4198 860 4240 cen.
879 4186 905 4238 ³.

1334 4232 1480 4624 Γ
