2986 4912
402 342 505 391 cnrvr
528 342 671 390 necinvn
695 341 849 399 ovnnrvn
1136 326 1194 394 175

58 436 93 497 et
115 428 217 509 gratia
248 429 386 510 praediti
419 435 525 492 essent
554 425 619 510 (i),
641 429 785 490 nondum
807 433 912 490 tamen
940 427 974 489 in·
999 427 1074 509 ipsis
1099 437 1190 506 erat,

54 529 201 592 nondum
222 529 307 592 enim
328 528 422 591 datus
444 534 516 591 erat
539 525 592 606 (S).
611 524 722 602 Quare
742 527 775 587 in
797 526 900 588 altera
915 545 1046 607 qnoque
1069 537 1195 592 senten·

55 633 100 701 tia
121 629 279 711 Spiritum
299 637 446 697 sanctum
467 648 663 709 cognoscere
689 629 781 709 prius
801 635 851 691 est
871 647 969 708 quam
994 632 1154 713 acciperc;
1177 652 1196 696 a

54 732 217 814 particula
238 738 348 796 autem
369 729 444 812 quin
465 750 529 794 non
550 730 708 811 dependet
722 729 781 792 nisi
797 730 937 809 primum
960 731 1095 794 incisum
1109 735 1196 812 apud

54 852 111 895 vos
130 831 280 906 manebit,
301 853 365 895 non
385 832 462 896 ilem
484 834 626 895 alterurn
649 831 686 895 in
706 829 793 892 volis
813 830 884 907 erit,
908 832 996 911 quod
1016 852 1076 913 per
1096 835 1196 914 parti-

53 935 165 997 culam
186 943 214 995 et
234 935 444 1014 coniungitur
475 934 583 996 verbis
614 931 806 1012 cognoscetis
837 952 916 994 eum.
939 931 1035 996 Certe
1057 932 1195 1016 Spiritus

54 1041 187 1098 sanctus
220 1036 291 1099 dari
322 1037 435 1116 nequit
455 1036 515 1105 nisi
537 1036 574 1098 iis
597 1036 654 1114 qui
674 1053 750 1097 eum
781 1041 1000 1113 cognoscunt,
1023 1037 1080 1115 qui
1100 1036 1197 1098 fidem

54 1134 163 1215 adepti
185 1142 270 1203 sunl.
294 1135 402 1199 Habes
424 1135 456 1197 in
479 1136 527 1198 his
549 1139 779 1215 argumentum
807 1151 873 1212 quo
899 1134 1034 1213 gratiam
1059 1136 1198 1198 sanctifi-

58 1245 185 1303 cantem
208 1244 240 1300 et
261 1235 400 1319 Spiritus
422 1237 523 1301 sancti
545 1237 707 1299 dationem
728 1236 813 1297 inter
833 1254 867 1298 se
888 1235 1074 1314 distinguas.

138 1357 191 1400 vv.
214 1335 264 1407 18.
292 1335 341 1404 19.
364 1336 413 1402 Ne
438 1337 588 1419 discipuli
613 1342 767 1418 putarent
798 1337 842 1398 ita
873 1335 974 1398 elium
1001 1336 1196 1416 paraclitum

57 1439 135 1519 ipsis
157 1439 298 1502 dandum
319 1440 475 1521 promitti,
499 1457 537 1502 ac
558 1439 585 1503 si
606 1437 754 1502 Christus
776 1438 890 1501 exinde
912 1438 952 1500 ab
974 1438 1049 1518 ipsis
1070 1457 1198 1519 semper

59 1541 238 1607 abluturus
269 1548 364 1617 esset,
387 1561 493 1621 neque
514 1561 589 1604 eum
611 1541 670 1620 ipsi
690 1558 835 1619 unquam
855 1546 958 1602 essent
980 1540 1103 1617 visuri,
1126 1559 1202 1621 pro-

58 1649 239 1722 ptereaque
262 1661 412 1705 moerore
433 1641 652 1715 allicerentur,
670 1639 818 1703 Christus
832 1641 912 1702 haec
928 1640 976 1701 illi
996 1642 1199 1720 promissioni

60 1743 240 1811 subiunxit.
255 1777 296 1787 —-
316 1742 388 1807 Non
409 1741 493 1806 uidet
513 1742 618 1822 liquet
648 1742 770 1804 dictum
795 1761 864 1804 esse
885 1761 946 1821 pro
967 1760 1033 1803 non
1053 1741 1170 1803 videbit
1181 1762 1198 1815 ,·

61 1862 165 1923 quare
187 1843 300 1907 uidetis
321 1854 369 1908 est
389 1863 449 1925 pro
467 1841 622 1905 videbilis.
639 1877 680 1889 -
693 1839 811 1904 Sensus
826 1828 1003 1904 verborum
1025 1841 1079 1904 Vos
1100 1852 1204 1906 cutem

62 1942 208 2007 videbilis
227 1964 292 2019 me,
314 1941 582 2026 guicmanno,
604 1943 765 2004 alteruter
789 1961 857 2004 esse
878 1949 1004 2022 potest,
1028 1944 1081 2006 rel
1100 1943 1144 2005 ita
1166 1948 1204 2007 ut

64 2045 149 2113 illud
169 2044 245 2127 quic
266 2064 320 2126 epo
341 2044 413 2107 vivo
433 2044 589 2124 significet
608 2043 640 2105 id
661 2042 749 2123 quod
770 2041 920 2120 discipuli
942 2041 1044 2104 visuri
1065 2062 1134 2106 esse
1155 2044 1203 2106 di-

64 2152 198 2222 cuntur,
220 2146 283 2208 hoc
303 2152 352 2209 est
372 2142 516 2206 videbilis
536 2162 581 2204 me
602 2141 719 2214 vicere,
741 2139 885 2203 uidebitis
905 2160 952 2202 rue
973 2144 1015 2202 ad
1034 2141 1133 2205 uilem
1153 2164 1203 2206 re·

59 2265 198 2327 pressum
209 2291 222 2322 ,
244 2247 299 2315 vel
324 2246 367 2308 ita
390 2251 427 2307 ut
448 2261 561 2306 caussa
590 2242 631 2308 sit
655 2260 715 2304 cur
743 2240 892 2320 discipuli
917 2238 1082 2303 Christum
1104 2244 1201 2311 etiam

59 2354 133 2435 post
153 2349 254 2430 ipsius
274 2347 400 2413 obitum
418 2345 520 2408 visuri
542 2348 657 2418 essent,
674 2344 736 2409 hoc
758 2347 807 2404 est
827 2340 973 2403 videbitis
993 2361 1052 2414 me,
1068 2361 1143 2405 nam
1163 2342 1200 2406 in

60 2446 161 2519 uitam
180 2446 340 2510 rediturus
360 2463 439 2508 sum.
464 2442 525 2507 Sed
547 2442 657 2512 verior
679 2442 730 2504 hic
752 2440 868 2507 tertius
889 2461 1000 2504 sensus
1022 2462 1091 2505 esse
1113 2443 1201 2507 vidc-

61 2555 130 2626 tur‚
147 2568 245 2629 quem
266 2548 404 2611 verbnm
425 2543 497 2607 nico
519 2550 663 2624 tempore
683 2543 844 2624 praesenti
865 2549 1062 2623 usurpatum
1084 2545 1202 2608 confir-

61 2656 140 2719 mat:
161 2649 300 2714 Praeter
318 2651 526 2727 hannonem
549 2646 716 2709 vobiscum
730 2646 818 2722 vivo,
834 2646 938 2706 altera
959 2645 1037 2709 mihi
1059 2645 1124 2708 vita
1139 2653 1200 2723 est,

63 2751 218 2821 nimirum
239 2751 357 2828 divina,
375 2768 474 2831 quam
495 2748 582 2812 obita
603 2751 708 2815 morte
729 2764 792 2807 non
814 2746 972 2826 amittam3
989 2747 1069 2808 haec
1084 2746 1200 2810 efficiet

63 2856 102 2917 ut
122 2870 241 2933 corpus
262 2871 370 2914 meum
393 2855 625 2933 postmortem
650 2847 841 2924 reviviscat,
865 2865 989 2927 vosque
1010 2866 1061 2909 me
1083 2848 1203 2915 iterum

63 2954 226 3021 viventem
247 2948 538 3020 videatis—Item
559 2949 660 3013 verbo
682 2946 793 3009 uinetis
814 2967 876 3010 non
897 2967 970 3010 eam
985 2949 1084 3011 vitam
1106 2948 1201 3028 signi-

62 3053 167 3130 ficari,
190 3072 286 3134 quam
309 3072 394 3120 nunc
415 3053 568 3128 vivimus,
590 3049 645 3113 sed
667 3049 775 3122 aliam,
792 3047 858 3129 ipsa
874 3049 1057 3111 coniunctio
1078 3056 1204 3112 senten«

65 3155 185 3223 tiarum
200 3154 276 3237 quic
296 3175 349 3236 epo
370 3153 455 3229 nivo,
471 3162 500 3214 et
513 3172 567 3220 nes
580 3148 705 3223 vinetis,
728 3150 882 3218 certiores
903 3168 961 3213 nos
983 3150 1071 3231 incit3
1088 3169 1201 3215 seusus

65 3277 144 3338 crgo
165 3266 232 3323 est:
255 3258 398 3323 Mundus
431 3256 562 3338 quidem
583 3273 635 3317 me
664 3273 729 3322 non
757 3255 845 3317 ultra
876 3253 1019 3330 videbit,
1043 3272 1099 3317 vos
1121 3273 1202 3318 vero

63 3381 193 3443 semper
213 3381 265 3425 me
286 3360 447 3436 videbitis,
464 3359 541 3439 quia
561 3376 689 3439 semper
710 3357 835 3423 viretis.
849 3389 889 3400 -
903 3353 1047 3438 Cyrillus
1061 3356 1105 3418 ita
1121 3357 1211 3420 haec-

64 3463 229 3544 exposuilz
251 3458 446 3525 Invisibilem
474 3457 597 3541 quidem
617 3465 646 3517 et
665 3454 942 3535 inconspicabilem
962 3453 1016 3528 iis,
1035 3453 1103 3536 qui,
1125 3475 1203 3537 quac

64 3561 178 3632 mundi
197 3572 284 3637 sunt,
298 3561 441 3642 sapiunt,
456 3563 522 3642 sore
543 3578 585 3635 se,
602 3556 720 3640 inquil,
730 3567 897 3639 postquam
917 3555 992 3618 linc
1006 3555 1202 3637 miprnncril,

65 3662 101 3735 id
122 3673 178 3738 est,
195 3674 362 3746 postquem
376 3661 411 3725 in
427 3664 528 3725 coelos
548 3658 688 3736 redierit,
709 3660 763 3721 sed
781 3655 935 3720 visibilem
955 3655 1074 3718 sanctis
1094 3655 1205 3719 inven«

66 3775 134 3828 tum
155 3763 200 3827 iri
212 3765 273 3838 eil,
290 3763 435 3826 divinum
455 3762 617 3850 quemdum
636 3768 664 3820 et
678 3757 918 3827 intellectualem
930 3759 1086 3838 [algorem
1100 3777 1204 3825 eorum

65 3864 172 3938 cordis
191 3863 291 3928 oculis
311 3863 497 3945 infundente
517 3870 625 3925 cuncto
646 3856 780 3939 Spiritu.

141 4099 178 4167 (1)
197 4102 292 4152 Confer
310 4104 349 4152 lo.
369 4099 443 4164 xiil,
462 4096 503 4147 10.

139 4193 173 4260 (Z)
193 4193 346 4250 Censorio.
369 4191 428 4258 vn,
446 4188 479 4239 39
500 4192 526 4239 el
544 4186 616 4254 XIV,
637 4186 679 4243 16.
