2986 4912
155 310 216 377 172
480 328 511 376 m
533 327 670 375 ioannes
691 325 939 375 conanummvn

155 408 244 480 duom
267 413 477 491 enuntiatum
498 409 553 480 oio
573 416 606 474 et
625 408 743 472 veritas
763 418 812 474 est
831 411 883 475 via
914 415 1027 486 certa,
1052 425 1137 488 quae
1161 413 1294 471 euntem

157 533 221 578 non
242 513 339 592 fallit,
361 509 417 573 eia
437 520 466 573 et
484 509 553 574 oita
572 518 622 575 est
642 513 695 575 via
716 513 845 590 vitalis,
869 526 934 592 qua
955 512 1012 592 qai
1033 515 1132 586 eunt,
1155 507 1294 582 vivunt,

159 635 225 698 qua
245 616 314 677 itur
333 613 374 675 ad
396 613 508 676 vitam.

240 715 388 781 Christus
418 714 450 775 in
471 733 503 777 v.
532 706 553 778 1
581 715 718 777 verbum
749 709 837 776 scitis
867 710 1016 778 absolute
1046 717 1080 775 at
1106 704 1299 790 simpliciter

160 822 390 899 usurpaverat3
413 834 475 879 cnr
495 808 574 895 ergo
595 816 627 876 in
648 835 679 878 v.
702 813 722 877 7
743 830 807 878 non
827 815 916 892 item,
935 814 990 878 sed
1011 814 1056 875 ita
1076 811 1241 891 loquitur:
1264 799 1300 870 Si

162 913 381 1001 cognovissetis
396 925 425 980 ct
438 913 561 980 cetera?
576 916 705 982 Scilicet
726 919 888 998 apostolos
903 916 964 980 tide
978 913 1011 977 in
1025 913 1193 979 Christum
1207 928 1303 992 prae·

162 1022 244 1084 ditos
266 1027 343 1083 tunc
364 1018 495 1099 quidem
518 1019 581 1081 iam
604 1019 714 1094 luisse,
737 1014 791 1082 sed
813 1019 956 1080 noudum
976 1030 1015 1079 ea
1037 1034 1104 1096 qua
1124 1013 1212 1094 ipsos
1233 1028 1303 1074 esse

164 1123 347 1204 oportebat,
370 1138 501 1200 quaque
521 1126 632 1201 postea
653 1121 798 1184 luerunt.
817 1118 900 1183 Tum
914 1116 1063 1182 Christus
1083 1116 1194 1180 statim
1215 1112 1302 1175 redit

164 1221 358 1286 admodum
379 1219 471 1284 verbi
494 1219 725 1296 indicativum,
749 1228 777 1280 et
797 1220 930 1292 amodo,
962 1218 1089 1298 inquit,
1110 1217 1143 1279 id
1163 1219 1216 1278 est
1236 1213 1301 1276 iam

71 1357 92 1405 a„
139 1344 262 1401 ,nunc‚
281 1342 446 1416 γινωσκετε
469 1318 655 1403 cognoscitis
676 1340 757 1394 cum,
779 1322 844 1383 imo
866 1327 899 1384 et
923 1320 963 1383 ad
984 1327 1111 1400 tempus
1140 1314 1303 1399 praeteri·

100 1424 116 1456 *⁸
165 1433 246 1504 tum,
263 1436 292 1488 et
310 1424 436 1489 vidistis
455 1444 534 1487 cem.
548 1423 699 1500 Quorum
714 1423 891 1486 verborum
911 1429 1152 1504 postremorum
1166 1418 1302 1500 quinam

153 1512 276 1615 ‘sensus
296 1525 348 1604 sit,
371 1546 449 1591 mox
470 1527 510 1589 ah
531 1527 601 1607 ipso
623 1523 752 1589 Christo
773 1524 933 1587 discemus
954 1525 987 1585 in
1008 1543 1039 1586 v.
1062 1519 1092 1587 9.

220 1629 275 1692 ἰν.
297 1623 327 1692 8.
352 1625 634 1704 Quemadmodum
654 1626 767 1706 paullo
790 1632 884 1702 ante,
908 1641 1011 1706 quum
1033 1621 1181 1688 Christus
1203 1621 1305 1684 diuise

165 1736 214 1795 set
234 1750 265 1794 v.
295 1727 317 1796 lt
336 1730 426 1821 scire
444 1728 621 1810 'discipulos
642 1747 708 1808 quo
729 1728 837 1791 iturus
858 1729 926 1809 ipse
947 1733 1042 1803 esset,
1061 1727 1216 1805 viamque
1237 1738 1304 1803 qua

166 1821 493 1915 eundum,'Thomas
523 1831 668 1894 modesta
689 1827 746 1892 illa
767 1849 826 1892 sua
854 1828 1104 1908 interrogatione
1125 1845 1157 1889 v.
1179 1821 1200 1889 5
1223 1825 1306 1887 haec

166 1938 353 2013 negaverat,
376 1920 420 1995 ita
441 1951 529 1996 nuno
549 1931 730 2012 Philippus,
754 1929 920 1996 Christum
940 1948 1056 2010 rogans
1076 1934 1115 1992 ut
1134 1926 1194 2008 ipsi
1217 1933 1305 1989 oete

166 2034 277 2114 risque
298 2034 464 2114 discipulis
495 2040 622 2115 patrem
653 2032 824 2109 ostendat,
848 2033 931 2094 illud
960 2033 1056 2094 tacite
1081 2036 1188 2110 negat,
1212 2024 1304 2109 qnod

168 2133 316 2226 Christus
340 2136 490 2216 proxime
517 2133 757 2211 affirmaverat,
787 2140 913 2216 patrem
941 2133 981 2195 ab
1013 2133 1088 2214 ipsis
1108 2133 1172 2194 iam
1193 2131 1303 2194 visum

167 2254 247 2299 esse.

248 2357 281 2400 v.
302 2335 332 2402 9.
356 2334 449 2412 Quae
471 2334 618 2399 Christus
639 2335 789 2418 Philippo
814 2338 877 2399 hoc
896 2343 929 2400 et
949 2333 1192 2415 insequentibus
1203 2331 1308 2397 versi⁴

169 2435 229 2500 hus
251 2437 437 2517 respondit,
460 2436 570 2515 ecquis
601 2436 751 2517 proferre
782 2437 901 2501 audeat
921 2437 1000 2517 quin
1030 2437 1098 2517 ipse
1119 2435 1209 2498 Deus
1231 2430 1302 2496 sit?

170 2535 337 2600 Christum
351 2554 545 2614 cognoscere
562 2537 763 2600 tantumdem
778 2544 826 2600 est
835 2557 873 2600 ac
885 2551 1079 2617 cognoscere
1092 2535 1212 2610 Deum,
1225 2534 1304 2609 imo,

171 2637 228 2717 qui
249 2634 415 2700 Christum
436 2635 544 2712 videt,
567 2637 593 2698 is
614 2636 720 2700 Deum
740 2638 828 2700 videt
838 2659 850 2718 3
873 2636 1040 2701 manifesta
1070 2637 1170 2716 igitur
1194 2651 1307 2697 conse·

171 2739 328 2819 quutione
350 2736 521 2800 coniicitur
541 2734 706 2801 Christum
727 2757 795 2802 esse
809 2739 926 2803 Deum.
942 2738 1058 2819 Neque
1078 2738 1163 2801 enim
1183 2736 1239 2799 hic
1258 2736 1307 2797 lo-

171 2858 229 2903 cus
250 2839 341 2902 ullus
362 2837 541 2900 verborum
567 2838 846 2902 immutationibus
875 2846 934 2903 est.
957 2838 1043 2919 Lege
1075 2836 1211 2902 Eusehii
1243 2833 1306 2899 De·

173 2939 437 3004 monstrationem
469 2940 686 3020 evangelicam
707 2940 747 3005 V.
769 2937 810 3008 13
831 2949 863 3006 et
887 2942 1147 3007 Ecclesiasticam
1178 2939 1305 3002 theolo-

173 3043 256 3122 giam
277 3038 336 3102 ΙΙΙ.
357 3037 408 3104 21.

253 3162 285 3206 v.
308 3137 358 3208 10.
382 3141 465 3205 Nam
479 3141 523 3219 id,
540 3145 627 3223 quod
649 3145 741 3221 dixit,
758 3144 906 3211 Christus
927 3143 1097 3209 confirmat
1113 3151 1307 3223 argumento

175 3244 263 3324 quod
284 3238 305 3323 η’
326 3264 544 3347 περιχωρησις
567 3245 819 3309 circumdecerem
839 3249 1033 3329 suppeditat,
1061 3264 1205 3326 moxque
1228 3246 1308 3307 hanc

174 3348 276 3430 ipsam
300 3370 516 3450 περιχωρησιν
536 3350 675 3414 ostendit
695 3370 734 3413 eo
755 3350 884 3428 indicio,
901 3349 1001 3431 quod,
1017 3367 1101 3430 quae
1114 3348 1182 3429 ipse
1201 3344 1309 3425 loqui·

177 3454 233 3514 tur
253 3460 352 3532 atque
383 3455 470 3532 agit,
493 3454 573 3516 haec
602 3457 696 3533 pater
715 3452 748 3512 in
767 3452 836 3534 ipso
867 3470 997 3515 manens
1021 3452 1180 3531 loquatur
1210 3453 1309 3528 atquo

176 3557 260 3632 agat.
284 3552 399 3634 Neque
420 3554 521 3616 semel
541 3551 747 3633 proposuisse
768 3559 949 3630 contentus,

254 3673 308 3718 vv.
330 3652 382 3732 11,
404 3652 453 3720 12.
476 3654 583 3717 denuo
614 3654 696 3717 illud
726 3661 953 3735 argumentum
973 3653 1144 3736 proponit,
1166 3651 1311 3733 itemque

176 3772 215 3816 ao
234 3755 325 3835 prius
357 3756 402 3818 ita
428 3756 581 3837 proponit
599 3761 637 3818 ut
658 3757 714 3834 qui
736 3756 811 3818 huic
826 3757 873 3818 rei
888 3756 983 3818 fidem
1003 3754 1133 3835 adiungi
1153 3753 1308 3835 postulet

176 3852 301 3917 Graeca
322 3855 368 3918 sie
388 3862 513 3939 sonant:
540 3851 659 3916 Credite
679 3852 770 3927 mihi,
785 3853 861 3935 quia
882 3874 934 3934 eqo
954 3852 990 3916 in
1005 3863 1098 3934 patre
1119 3861 1148 3916 ct
1163 3861 1259 3934 poter
1277 3849 1312 3914 in

176 3964 297 4019 saecat.
321 3953 476 4033 Tandem,
498 3955 583 4018 sicut
603 3956 633 4018 ei
654 3975 722 4019 mos
743 3962 836 4031 erat,
859 3974 911 4018 res
931 3973 950 4018 a
971 3974 1006 4019 se
1027 3961 1130 4036 gestas
1151 3955 1248 4035 quasi
1269 3956 1314 4016 te-

174 4060 239 4118 stes
260 4057 361 4133 citat,
384 4075 468 4136 quae
489 4056 595 4120 vorbis
616 4057 682 4120 suis
703 4056 798 4119 fidem
820 4057 948 4120 iaciant.
970 4087 1011 4102 -
1030 4051 1138 4122 Verba
1159 4051 1313 4135 Alioquin
