2986 4912
166 299 226 371 152
507 317 538 367 ss
559 315 698 366 cossas!
719 314 970 366 consensisses

172 407 298 470 ciebant
318 406 405 468 hunc
424 403 527 484 filiam
547 402 686 464 lerninis
704 422 770 465 non
789 404 891 466 aliurn
910 422 982 466 esee
1010 419 1111 483 quem
1130 399 1288 469 Messium
1298 423 1311 486 ;

172 510 229 572 vix
249 507 399 571 dubitare
419 511 570 586 poterant
589 505 668 584 quin
688 503 781 569 lesus
800 524 872 568 sese
891 506 954 568 hac
972 505 1204 586 appellatione,
1224 508 1313 570 sicut

172 611 253 673 alias
274 610 417 684 fecerat,
440 614 517 670 tunc
537 625 670 686 quoque
691 607 856 687 signaret3
877 612 929 669 ast
948 607 1080 688 opinio,
1104 607 1196 688 quod
1216 606 1314 672 Chri·

172 720 242 774 stus
263 727 435 771 mansurus
455 713 541 770 esset
559 706 597 768 ia
617 717 801 782 aeternitas,
820 710 885 771 hoc
904 714 954 772 est
973 726 1152 790 numquam
1170 710 1313 773 moritu-

174 831 251 888 rus,
272 811 358 891 ipsos
378 808 476 870 anion
495 809 638 890 pendere
660 811 806 890 cogebat
828 809 923 886 Quae
942 811 1051 891 opinio
1071 811 1230 892 originem
1255 813 1315 875 ha·

174 912 245 975 huit
264 931 305 973 ex
326 928 500 990 perperam
520 910 695 973 intellectis
714 910 989 990 praedictionibus
1008 910 1049 974 de
1068 910 1190 978 Christi
1209 930 1314 993 reguo

174 1018 343 1075 aeternum
363 1011 527 1075 duraturo
547 1011 581 1070 in
610 1010 714 1073 libros
744 1029 855 1074 sacros
885 1011 1008 1075 relatis.
1023 1010 1165 1076 -Nots
1194 1031 1316 1077 nomen

172 1113 268 1192 legem
289 1112 412 1174 iactum
431 1110 503 1173 aliis
523 1109 705 1172 bibliorum
723 1111 872 1190 partibus
891 1129 931 1173 ac
951 1109 1173 1177 Pentateucho
1182 1133 1197 1192 3
1224 1115 1315 1194 qnod

173 1213 259 1276 idem
279 1213 352 1275 fieri
371 1212 481 1277 videas
501 1213 535 1274 in
556 1209 605 1274 lo.
630 1209 674 1287 X,
695 1207 738 1277 34
756 1216 791 1274 et
808 1210 881 1289 XV,
902 1209 955 1278 bt

255 1332 310 1378 vv.
330 1310 383 1377 35.
404 1310 456 1377 36.
481 1309 516 1376 Si
540 1312 614 1391 quis
634 1312 717 1374 haec
736 1312 844 1375 obiter
862 1313 962 1393 legat,
976 1314 1106 1395 putabit
1124 1312 1235 1380 lesum
1265 1313 1318 1379 lu·

175 1415 334 1477 dacorum
347 1412 594 1492 interrogationi
611 1410 809 1494 respondere
824 1414 981 1492 omisisse,
996 1415 1128 1494 alisque
1140 1416 1266 1493 omnia,
1280 1433 1318 1480 ac

176 1516 352 1595 rogabant,
375 1533 430 1576 cos
450 1512 609 1577 docuisse.
634 1512 709 1577 Non
740 1520 850 1576 tamen
871 1513 916 1577 ita
935 1521 996 1578 est
1018 1513 1077 1577 llis
1097 1516 1185 1578 cuim
1204 1517 1318 1580 verbis

175 1617 259 1680 illud
280 1635 336 1678 cos
355 1615 493 1692 monuit,
517 1613 607 1694 quod
627 1614 655 1676 si
676 1615 832 1691 lacerent,
854 1615 918 1676 iam
938 1615 1022 1677 nulli
1041 1615 1231 1680 dubitarent
1247 1616 1319 1699 quis

178 1714 329 1781 essetiste
341 1714 429 1796 filius
448 1713 598 1789 leminis,
612 1721 671 1778 aut
683 1735 750 1795 quo
764 1721 860 1796 pacto
880 1717 968 1779 hunc
984 1716 1123 1779 woltosa‘
1135 1724 1319 1799 oporteret,

179 1817 306 1880 temetsi
330 1814 473 1879 Christus
496 1833 670 1878 mansurus
697 1819 784 1877 esset
801 1813 839 1877 io
858 1822 1030 1878 aeternam.
1051 1814 1231 1881 Enimvero
1252 1817 1323 1883 hu·

177 1924 247 1982 stra
267 1916 359 1980 lesus
376 1916 593 1998 respondisset
612 1935 648 1979 se
667 1935 744 1978 eum
764 1935 835 1980 esse
861 1935 961 1997 quem
981 1915 1085 1997 filiam
1108 1916 1248 1981 leminis
1267 1937 1323 2002 ap·

179 2021 324 2103 pellabat
343 2026 376 2083 et
396 2019 437 2081 de
457 2038 525 2098 quo
546 2019 624 2081 talia
645 2018 785 2098 ucenae
807 2019 938 2082 minime
956 2037 1098 2099 namque
1117 2017 1232 2084 ludaei
1253 2040 1325 2086 cre·

179 2124 342 2187 didissent.
359 2121 570 2203 Quapropter
589 2140 870 2202 supervacaneum
889 2123 967 2186 item
998 2126 1071 2187 erat
1092 2141 1262 2204 exponere
1282 2131 1320 2189 ut

181 2224 331 2291 Christus
350 2229 384 2287 et
411 2231 551 2287 mortem
577 2224 728 2287 obiturus
759 2230 844 2288 esset
862 2230 897 2288 et
916 2229 1087 2288 aeternum
1106 2232 1318 2306 regnaturus

181 2326 297 2407 ltaque
314 2324 406 2389 lesus
426 2325 458 2387 id
481 2325 568 2401 lecit,
584 2326 673 2406 quod
693 2326 844 2407 plerique
863 2343 974 2390 omues
994 2328 1059 2391 riri
1078 2328 1258 2409 prudentes
1269 2347 1321 2392 so·

182 2428 263 2504 lent,
284 2434 325 2488 ut
342 2425 597 2507 quaestionibus,
619 2425 739 2505 quihus
759 2425 881 2488 directe
901 2427 1156 2508 responderenil
1170 2429 1319 2509 prodest,

184 2547 236 2606 ea,
263 2546 349 2607 quae
363 2526 605 2609 'opportuniora
632 2526 800 2608 magisque
820 2527 863 2591 ob
883 2545 953 2591 rem
973 2534 1061 2605 suut,
1082 2529 1320 2594 subiiciunt.-

185 2626 261 2691 Vox
283 2625 450 2704 modicam,
471 2628 558 2691 deut
576 2626 645 2708 ipsa
673 2628 893 2708 interpunctio
912 2629 1150 2709 exemplarium
1170 2630 1322 2711 vulgato·

186 2747 262 2793 rum
282 2729 389 2805 docet,
409 2747 476 2792 non
495 2734 544 2792 cst
563 2729 748 2810 appositum
761 2730 882 2792 nomini
903 2729 1022 2808 tumeo,
1044 2729 1101 2793 sed
1114 2729 1321 2811 adverbium,

189 2848 306 2912 graeca
326 2830 412 2893 enim
441 2834 537 2892 sunt=
566 2825 640 2899 Ἐτι
663 2851 783 2931 pinpo
805 2850 925 2930 χρονον
948 2853 985 2898 το
1007 2853 1071 2923 poe
1091 2827 1125 2901 ἐν
1147 2826 1228 2924 ὕμιν
1249 2829 1320 2904 ἐστι

187 2935 297 2998 Etiam
311 2955 449 3016 parvum
468 2945 586 3017 tempus
606 2937 711 2999 lancea
730 2934 768 2998 ia
788 2934 874 2998 vobis
893 2945 957 3010 est‚·
988 2936 1079 3001 lesus
1102 2938 1226 3019 quippe
1244 2956 1325 3020 pau-

186 3036 232 3100 cis
252 3042 326 3117 post
343 3035 458 3098 diebus
476 3037 657 3119 moriturqs
671 3042 753 3099 erat
768 3071 809 3082 —
827 3035 913 3099 Dum
933 3037 1033 3099 lucem
1055 3035 1186 3111 metis,
1207 3036 1327 3100 credite.

186 3136 224 3198 io
244 3136 344 3197 lacem
354 3154 372 3208 ;
393 3136 472 3198 dum
492 3137 591 3199 ctiam
622 3137 735 3217 aliquo
767 3141 936 3218 tempore,
958 3137 1015 3199 sed
1035 3136 1140 3214 brevi,
1162 3138 1231 3218 ipse
1252 3156 1325 3202 mea

190 3238 336 3301 doctrina
356 3238 473 3302 vestris
502 3238 662 3301 mentibus
682 3239 794 3301 lumen
824 3237 900 3301 fidei
928 3237 1098 3302 affundere
1117 3256 1242 3319 pergo,
1266 3240 1327 3303 hoc

191 3339 303 3401 lumen
324 3338 452 3401 tandem
472 3339 624 3420 excipite,
639 3356 747 3425 eaque
766 3338 889 3402 credite
909 3358 994 3419 quae
1015 3339 1106 3402 vobis
1127 3339 1185 3401 tali
1203 3339 1328 3404 lumine

191 3438 363 3501 illustratis
383 3457 518 3502 cernere
538 3438 647 3501 datur.
665 3437 788 3501 Recole
802 3458 887 3519 quae
907 3439 947 3502 de
968 3441 1031 3504 hoc
1050 3440 1126 3504 loco
1145 3440 1254 3520 deque
1274 3459 1331 3505 uo·

192 3540 331 3602 minibus
353 3538 484 3613 lumine,
505 3540 587 3613 luce,
609 3538 742 3601 tenebris
763 3540 992 3604 edisseruimus
1012 3541 1046 3602 in
1066 3540 1113 3603 lo.
1136 3538 1166 3616 l,
1185 3538 1218 3607 d.
1239 3539 1273 3607 5.
1293 3574 1332 3587 -

193 3638 282 3703 llaec
302 3641 423 3704 monita
443 3641 549 3704 minus
568 3641 705 3722 provide
725 3642 826 3706 dilata
848 3643 982 3705 luissent
1002 3643 1034 3704 in
1054 3642 1139 3705 diem
1151 3643 1256 3706 alium
1271 3644 1329 3706 illo

192 3756 259 3820 quo
279 3737 371 3804 lesus
390 3739 652 3825 Hierosolymam
674 3748 821 3821 venerae
837 3743 902 3804 iam
917 3749 987 3805 tum
1001 3741 1087 3805 euim
1107 3742 1174 3805 dies
1193 3743 1258 3805 nisi
1278 3743 1333 3808 ad-

192 3841 326 3904 modum
345 3841 443 3923 pauci
462 3848 656 3923 supererant
675 3844 795 3923 quibus
815 3841 1101 3924 Hierosolymitae,
1116 3861 1202 3922 qnae
1223 3862 1334 3907 moue-

194 3943 327 4020 bantur,
350 3944 485 4023 exsequi
507 3948 647 4023 possent.

275 4041 345 4106 Hac
359 4041 479 4108 Christi
493 4044 689 4123 hortatione,
706 4045 852 4127 apprime
864 4046 997 4110 consilio
1011 4065 1050 4110 ac
1063 4047 1232 4128 proposito
1243 4045 1336 4111 loau·

197 4144 245 4208 nis
266 4152 473 4227 opportuna,
494 4148 520 4213 is
542 4148 638 4214 finem
660 4148 737 4214 lacit
757 4149 794 4213 iis
816 4149 1031 4215 describendis
1057 4167 1142 4232 quac
1162 4148 1221 4212 ille
1242 4148 1336 4230 gessit
