2986 4912
478 269 579 323 crrvr
607 272 774 323 securum
1159 258 1200 327 27

178 357 203 439 l
230 362 278 438 Et
305 360 392 438 dicit
419 363 453 436 ei
480 363 593 439 lesus:
623 360 717 453 Quid
742 361 847 450 mihi,
871 374 909 439 et
936 360 1004 438 tihi
1035 375 1092 440 est
1119 388 1201 443 mu·

69 487 168 565 lieri
204 489 364 564 nondum
391 488 492 564 venit
518 489 607 564 hora
635 513 731 564 mea.

173 612 325 692 5llicit
355 631 474 691 mater
505 618 583 692 eius
623 617 818 692 ministris:
852 614 1110 718 Quodcumque
1147 621 1202 695 di-

73 745 170 820 xerit
200 745 318 831 vobis,
346 743 468 820 facite.

183 865 492 962 enarrantem
520 870 571 944 ihi
596 870 760 969 lapideae
793 870 941 969 hydriae
974 895 1040 947 sex
1061 874 1202 972 positae

70 1000 272 1076 secundum
301 1000 591 1099 purificationem
618 1000 847 1087 ludaeorum,
875 999 1059 1098 capientes
1087 1002 1204 1102 singu·

70 1126 130 1201 lae
159 1138 338 1201 metretas
367 1126 470 1201 binas
497 1126 556 1201 vel
583 1137 721 1202 ternas.

179 1249 203 1329 7
231 1255 328 1330 Dicit
355 1255 409 1329 eis
436 1255 555 1330 lesus:
585 1256 738 1355 lmplete
766 1256 913 1354 hydrias
941 1280 1047 1356 aqua.
1067 1255 1116 1335 llt
1142 1259 1206 1333 im·

71 1381 265 1481 piaverunt
289 1406 356 1459 eas
384 1407 498 1482 usque
526 1384 573 1458 ad
599 1408 796 1460 summum.
1092 1403 1094 1406 ·

179 1505 205 1585 8
233 1510 281 1586 Et
308 1511 397 1586 dicit
424 1512 476 1586 eis
504 1512 627 1588 lesus:
656 1512 806 1588 Haurite
833 1536 947 1600 nunc,
975 1525 1013 1590 et
1031 1513 1123 1588 lerte
1148 1537 1207 1588 ar·
1277 1500 1282 1514 ’

72 1639 290 1715 chitriclino.
321 1638 369 1714 Et
395 1639 571 1716 tulerunt.
1056 1622 1059 1629 λ

182 1761 206 1841 9
233 1767 282 1842 Vt
309 1779 433 1842 autem
453 1767 613 1864 gustarit
640 1766 905 1844 architriclinus
933 1793 1064 1870 aquam
1083 1770 1206 1843 vinum

74 1894 224 1981 factam,
244 1907 283 1969 et
300 1918 373 1968 non
401 1895 540 1969 sciehat
562 1894 657 1970 unde
674 1907 787 1981 esset,
807 1895 1101 1972 ministri'autem
1117 1896 1208 1970 seic-

75 2021 179 2107 hant‚
208 2022 269 2120 qui
296 2022 493 2096 hauserant
520 2044 673 2119 aquam:
707 2034 814 2096 vocat
842 2047 1016 2121 sponsum
1044 2022 1207 2098 architri-

74 2147 207 2232 cliuus,

185 2269 235 2352 10
263 2288 302 2350 et
328 2275 416 2350 dicit
441 2275 497 2350 ei:
526 2274 653 2351 Omnis
680 2275 791 2351 homo
810 2276 968 2374 primum
991 2277 1125 2351 honum
1153 2276 1208 2349 vi·

74 2428 163 2482 num
190 2405 314 2504 punit:
347 2418 387 2480 et
414 2426 497 2480 cum
523 2402 692 2478 inebriati
720 2404 877 2492 luerint,
909 2418 996 2480 tunc
1027 2405 1075 2492 id,
1112 2403 1208 2503 quod

74 2532 235 2609 deterius
263 2544 337 2607 est:
366 2530 423 2606 Tu
454 2543 577 2607 autem
604 2533 760 2608 servasti
787 2531 923 2607 bonum
942 2531 1065 2608 vinum
1094 2554 1207 2628 usque

78 2661 209 2735 adhuc.

183 2783 229 2864 11
261 2788 338 2863 Hoc
364 2787 452 2862 fecit
494 2787 636 2862 initium
678 2788 862 2886 signorum
899 2786 1000 2862 lesus
1032 2785 1069 2859 in
1110 2783 1210 2858 Cana

77 2914 272 2992 Galilaeae:
301 2929 339 2990 et
366 2913 613 2990 manifestavit
641 2915 793 3013 gloriam
820 2937 939 3002 suam,
976 2925 1015 2988 et
1051 2911 1207 2988 credide·

75 3057 162 3119 runt
188 3044 226 3118 iu
254 3067 337 3120 cum
364 3042 531 3140 discipuli
558 3043 649 3118 eius.

183 3164 234 3244 12
257 3169 345 3246 Post
362 3170 432 3244 hoc
450 3169 636 3244 descendit
655 3167 909 3267 Capharnaum
927 3168 1020 3265 ipso,
1037 3180 1076 3242 et
1090 3179 1209 3242 mater

76 3299 167 3386 eius,
197 3310 235 3373 et
262 3298 395 3372 fratres
423 3297 515 3384 eius,
543 3309 582 3371 et
608 3296 775 3395 discipuli
803 3297 894 3371 eius:
929 3309 968 3371 et
995 3294 1044 3369 ibi
1072 3317 1212 3368 manse·

74 3439 162 3504 runt
188 3451 261 3502 non
288 3425 415 3501 multis
443 3424 582 3499 diebus.

185 3547 234 3629 13
262 3553 311 3627 Et
339 3574 451 3651 prope
480 3563 559 3625 erat
586 3549 726 3625 Pascha
746 3551 977 3636 ludaeorum,
993 3562 1031 3624 et
1050 3547 1214 3623 ascendit

77 3680 181 3755 lesus
209 3679 483 3776 lerosolymam:

187 3802 238 3884 ld
267 3821 305 3882 ct
332 3806 470 3881 invenit
496 3804 534 3878 in
562 3804 700 3903 templo
728 3804 941 3889 vendentes,
961 3801 1087 3889 hoves,
1107 3814 1145 3877 et
1169 3824 1214 3876 o·

75 3960 155 4026 ves,
179 3949 217 4011 et
245 3936 445 4022 columbas,
474 3945 511 4007 ct
537 3932 761 4007 numularios
790 3933 970 4007 sedentes.

184 4059 233 4140 15
262 4064 310 4141 Et
337 4088 420 4141 cum
448 4061 604 4139 lecisset
621 4060 725 4162 quasi
744 4060 928 4163 flagellum
950 4059 995 4136 de
1023 4056 1212 4147 funiculis,
