2986 4912
167 291 207 356 66
503 310 533 356 ra
560 309 695 357 rourum
722 311 966 357 consumimur

277 392 328 472 45
355 396 421 470 Est
449 397 623 493 scriptum
655 397 691 469 in
723 395 926 493 Prophetis:
960 395 1009 469 Et
1035 409 1141 471 erunt
1164 421 1295 473 omnes

172 525 342 600 docibiles
379 524 457 598 Dei.
491 525 632 609 Omnis,
652 524 712 620 qui
736 524 873 596 audivit
901 548 921 596 a
949 523 1069 609 Patre,
1089 536 1127 598 et
1149 525 1293 611 didicit,

175 655 275 730 venit
310 654 355 728 ad
387 676 459 726 me.

281 774 331 854 46
358 779 433 854 Non
462 780 545 877 quia
572 779 718 852 Patrem
738 780 828 853 vidit
854 781 1058 877 quisquam,
1078 779 1147 852 nisi
1166 779 1211 867 is,
1232 780 1296 878 qui

176 925 233 985 cst
260 934 280 983 a
307 907 397 995 Deo,
424 909 483 982 hic
510 908 600 981 vidit
628 907 786 981 Patrem.

282 1031 332 1110 47
361 1034 491 1123 Amen,
519 1058 624 1109 amen
652 1036 731 1109 dico
759 1035 873 1109 robis:
902 1034 971 1124 Qui
998 1037 1114 1110 credit
1139 1036 1176 1108 in
1208 1059 1299 1140 me,

177 1166 288 1240 habet
315 1166 428 1238 vitam
455 1178 654 1238 aeternam.

284 1287 335 1366 48
361 1292 438 1390 Ego
465 1315 545 1367 sum
573 1293 675 1390 panis
703 1293 811 1368 vitae.

283 1414 334 1494 49
361 1419 489 1494 Patres
517 1422 628 1494 vestri
655 1422 963 1495 manducaverunt
995 1446 1125 1505 manaa
1162 1422 1198 1495 in
1235 1423 1302 1496 de·

180 1563 290 1637 serto,
319 1563 355 1622 et
382 1550 516 1623 mortui
544 1563 640 1623 sunt.

286 1671 338 1751 50
364 1677 429 1750 Hic
456 1689 513 1750 est
539 1678 642 1774 panis
668 1678 712 1751 de
740 1678 841 1751 caelo
860 1678 1096 1752 descendens:
1113 1691 1154 1752 ut
1173 1679 1302 1776 siquis

181 1830 227 1878 cx
253 1807 332 1903 ipso
358 1806 642 1890 manducaverit,
671 1829 741 1879 non
769 1807 956 1879 moriatur.

285 1928 332 2009 51
364 1932 440 2031 Ego
469 1958 549 2007 sum
576 1937 680 2030 panis
708 1934 824 2019 virne,
853 1935 914 2031 qui
940 1935 985 2009 de
1000 1935 1099 2008 caelo
1118 1936 1301 2008 descendi.

287 2057 340 2136 52
368 2062 405 2135 Si
433 2063 513 2160 quis
541 2063 812 2136 manducaverit
839 2086 885 2135 ex
912 2064 981 2136 hoc
1006 2087 1112 2159 pane,
1140 2062 1240 2137 vivet
1268 2065 1305 2136 in

182 2205 386 2266 aeternum:
407 2203 444 2266 et
471 2193 586 2288 panis,
607 2214 713 2288 quem
741 2216 807 2288 ego
826 2192 937 2277 dabo,
953 2214 1036 2265 caro
1052 2215 1132 2264 mea
1150 2204 1208 2264 est
1236 2215 1305 2289 pro

182 2321 306 2394 mundi
333 2321 420 2394 vita.

289 2442 341 2522 53
368 2447 573 2545 Litigabant
600 2471 685 2545 ergo
704 2449 825 2522 Iudaei
848 2450 893 2522 ad
915 2449 1091 2534 invicem,
1117 2448 1302 2523 dicentes:

184 2575 370 2666 Quomodo
396 2588 518 2673 potest
543 2576 603 2649 hic
630 2576 732 2650 nobis
748 2600 893 2683 caruem
911 2601 1014 2652 suam
1032 2579 1117 2651 dare
1137 2577 1182 2650 ad
1201 2601 1306 2651 man·

185 2702 418 2780 durandum?

292 2828 344 2907 54
372 2834 471 2908 Dixit
498 2857 583 2931 ergo
611 2834 663 2906 eis
692 2835 804 2908 lesus:
835 2833 973 2922 Amen,
1001 2858 1107 2909 amen
1135 2835 1215 2910 dico
1242 2861 1308 2910 vo·

186 2962 262 3035 bis:
291 2960 367 3036 Nisi
394 2960 698 3035 manducaveritis
726 2986 872 3036 carnem
900 2963 979 3037 Filii
1007 2964 1178 3047 bominis,
1206 2964 1310 3038 etbi-

186 3090 314 3165 beritis
341 3090 419 3164 eius
447 3091 670 3186 sanguinem,
699 3114 770 3164 non
797 3091 978 3166 habebitis
1006 3093 1170 3166 vitamin
1190 3092 1307 3166 vobis.

294 3213 345 3292 55
373 3216 442 3306 Qui
468 3218 661 3292 manducat
687 3241 808 3292 meam
835 3243 993 3308 carnem,
1012 3234 1049 3294 et
1076 3219 1168 3293 bibit
1185 3243 1309 3296 meum

191 3346 416 3443 sanguinem,
443 3346 555 3420 habet
581 3348 694 3420 vitam
722 3359 920 3423 aeternam:
949 3362 1066 3446 etego
1085 3349 1311 3424 resuscitabo

191 3498 274 3549 eum
301 3475 337 3548 iu
364 3475 559 3549 novissimo
586 3476 656 3549 die.

298 3595 349 3675 56
376 3600 469 3675 Caro
498 3603 592 3675 enim
621 3627 716 3691 mea,
744 3628 828 3679 vere
857 3618 914 3679 est
945 3605 1070 3681 cibus:
1101 3619 1140 3680 et
1168 3607 1313 3704 sanguis

192 3754 310 3816 meus,
338 3752 423 3802 vere
453 3742 509 3802 est
536 3740 655 3827 potus.

300 3851 350 3931 57
380 3859 440 3954 qui
468 3859 660 3933 manducat
688 3885 807 3936 meam
834 3887 992 3949 carnem,
1018 3875 1056 3938 et
1082 3862 1175 3937 bibit
1191 3885 1314 3939 meum

197 3985 419 4083 sanguinem,
448 3986 484 4058 in
512 4009 570 4059 me
598 4003 742 4074 manet,
771 4002 808 4063 et
833 3986 902 4088 ¹ego
930 3992 967 4063 in
995 3990 1066 4065 illo.

302 4104 353 4185 58
380 4111 481 4190 Sicut
508 4114 608 4192 misit
635 4139 693 4192 me
713 4118 837 4196 vivens
856 4117 979 4209 Pater,
999 4133 1036 4195 et
1055 4142 1121 4218 ego
1140 4112 1224 4196 vivo
1240 4142 1315 4218 pro
