2986 4912
520 336 623 385 clnvr
646 338 788 385 oncrum
812 338 954 385 rnnrrvn
1247 319 1307 386 163

251 444 283 487 v.
306 419 356 491 10.
380 421 462 488 Item
483 425 652 487 occasione
673 443 691 486 e
712 423 802 486 Petri
823 425 930 487 verbis
960 423 1059 504 petita
1092 420 1239 487 Christus
1260 424 1310 486 his

168 526 368 606 respondens
389 545 504 590 euram
526 545 583 589 nos
604 527 701 589 docet
719 525 862 589 leviores
884 543 1017 606 qaoque
1043 526 1140 588 animi
1165 525 1310 590 maculas

168 626 389 705 abstergendi,
413 644 512 705 quam
534 632 647 706 gerant
667 630 797 707 oportet
817 626 873 706 qui
896 626 1100 705 gravioribus
1122 632 1249 704 carent,
1271 645 1309 690 ae

168 727 269 791 tacite
289 726 429 789 affirmat
447 728 605 790 neminem
627 745 696 790 esse
717 727 774 806 qui
791 727 872 788 nihil
886 726 1063 790 illiusmodi
1084 726 1201 789 habeat
1221 727 1308 807 quod

169 828 344 908 abstergat.
369 827 412 890 Et
432 847 486 889 ees
507 827 620 889 maadi
640 827 712 890 estis
724 847 741 901 ,·
775 829 974 908 assumptio,
1005 846 1069 908 qua
1092 828 1231 890 efficitur
1252 826 1312 891 Pe·

173 935 277 1004 trum,
300 929 374 1008 qui,
397 946 463 990 aaa
484 937 609 991 tantem
624 931 734 1009 pedes,
755 930 808 989 sed
829 937 858 990 et
876 946 990 989 marem
1010 937 1040 988 et
1059 936 1155 1007 eaput
1174 929 1313 992 lavanda

172 1027 342 1104 offerebat,
365 1035 556 1109 ceterosque
578 1030 751 1109 discipulos
776 1026 896 1092 Christi
917 1048 981 1092 non
1010 1029 1153 1109 indigere
1181 1029 1247 1092 nisi
1275 1041 1310 1094 at

170 1129 265 1206 pedes
281 1130 401 1192 lavent.
413 1162 454 1176 —·
464 1127 523 1192 Sed
542 1148 607 1191 mem
627 1149 750 1204 amnem·
774 1140 858 1210 quae
872 1148 1031 1211 quorsum
1044 1139 1200 1211 spectent,
1216 1130 1310 1195 Ioan-

176 1245 235 1293 nes
254 1232 392 1293 ostendit
412 1232 444 1293 in
465 1232 653 1311 insequente
675 1251 707 1295 v.
730 1229 782 1308 11,
805 1232 919 1311 hisque
934 1229 1080 1295 Christus
1096 1231 1208 1296 ludam
1224 1253 1311 1297 eom·
1434 1244 1439 1257 “

172 1349 306 1395 monere
327 1334 460 1412 oblique
482 1333 610 1414 eoepit,
643 1333 733 1413 quod
753 1333 869 1396 exinde
890 1333 1015 1413 pluries
1036 1341 1135 1413 atque
1165 1337 1310 1416 apertius

169 1431 257 1495 iecit.

253 1553 305 1596 vv.
327 1532 370 1598 12
389 1553 477 1615 seqq.
502 1533 588 1610 Quid
610 1531 758 1598 Christus
779 1535 838 1597 sibi
859 1530 1004 1599 veluerit
1015 1554 1053 1598 ea
1068 1555 1105 1599 re
1118 1555 1217 1616 quam
1238 1557 1312 1619 ege-

171 1640 236 1711 rat,
259 1635 326 1715 ipse
348 1637 503 1716 explieat3
526 1637 814 1716 argumentationis
835 1643 956 1713 autem,
979 1655 1044 1716 qua
1058 1638 1176 1716 utitur,
1193 1639 1310 1703 duetus

172 1736 304 1799 evidens
325 1746 384 1799 est.
410 1734 475 1813 Qui
496 1755 574 1818 ergo
596 1738 688 1799 aiunt
707 1736 765 1800 illa
786 1738 906 1818 pedum
926 1739 1048 1801 lotione
1070 1738 1167 1801 animi
1186 1741 1311 1819 purita-

173 1842 239 1899 tem
259 1838 468 1917 signidcatam
491 1857 560 1901 esse
581 1857 645 1918 qua
667 1840 731 1901 sint
761 1845 891 1920 oportet
922 1839 978 1919 qui
1009 1839 1050 1900 ad
1081 1841 1311 1905 eucharistiam

173 1939 344 2016 accedunt,
360 1945 612 2020 proptereaque,
629 1948 741 2004 eontra
764 1961 802 2004 ae
822 1961 865 2004 ex
886 1941 1089 2021 evangelistis
1104 1950 1309 2022 compertum

172 2039 351 2117 habemus,
385 2040 583 2104 contendunt
616 2042 852 2122 discipulorum
873 2042 969 2121 pedes
990 2060 1009 2102 a
1031 2038 1160 2104 Christo
1181 2044 1310 2107 ablutos

172 2158 244 2209 esse
264 2148 338 2203 ante
359 2142 589 2204 eucharistiam
610 2143 801 2217 institutam,
816 2142 851 2202 hi
870 2159 940 2203 rem
961 2141 1057 2202 aliter
1077 2160 1115 2203 ae
1128 2142 1197 2222 ipse
1217 2140 1311 2207 Chri-

171 2248 243 2305 stus
263 2243 532 2324 interpretantur.
558 2243 653 2320 Quod
675 2243 702 2305 si
722 2244 830 2306 dicant
850 2249 1029 2322 utrumque
1063 2244 1161 2306 inisse
1192 2245 1312 2324 signiti-

172 2350 295 2421 eatum,
318 2364 373 2408 eos
394 2347 580 2424 rogabimus
602 2352 640 2408 ut
660 2364 716 2408 nos
739 2347 874 2409 doceant
894 2346 979 2408 unde
995 2346 1024 2406 id
1040 2346 1222 2423 didicerint,
1239 2353 1309 2411 tum

174 2463 323 2509 caussam
344 2446 490 2526 aperiant
510 2465 572 2509 eur
593 2444 764 2523 Christus,
796 2446 957 2527 potiorem
988 2446 1250 2525 significationem
1270 2448 1313 2510 si·

173 2547 275 2610 lentio
296 2548 508 2628 praeteriens,
530 2549 667 2609 alteram
688 2549 859 2612 dumtaxat
879 2548 1144 2611 manifestaverit.

183 2643 187 2647 ’
255 2667 287 2711 v.
309 2645 359 2714 ll.
375 2646 489 2713 Solum
510 2649 550 2711 de
571 2649 706 2729 pedibus
720 2650 858 2713 invicem
871 2649 1016 2713 lavandis
1032 2649 1179 2713 Christus
1192 2651 1314 2730 loqua-

176 2754 231 2810 tns
251 2754 300 2810 est
310 2768 322 2828 3
344 2767 439 2811 nemo
461 2754 567 2811 tamen
588 2767 653 2810 non
674 2750 824 2830 intelligit
842 2750 921 2830 quid
941 2749 1008 2830 ipse
1029 2750 1119 2810 nobis
1139 2767 1314 2830 praecepe-

178 2848 244 2928 rit3
266 2849 389 2911 scilicet
409 2868 446 2912 ea
469 2869 526 2912 nos
547 2850 732 2914 humilitate
752 2869 822 2913 esse
843 2857 1015 2931 oportere,
1040 2854 1078 2910 ut
1097 2867 1191 2911 omne
1213 2866 1313 2928 genus

174 2949 280 3012 officia
301 2969 338 3013 ae
359 2969 507 3024 munera,
530 2951 749 3029 quamtumvis
771 2951 938 3032 despecta,
960 2950 1112 3030 implere,
1136 2968 1221 3028 qaae
1240 2970 1313 3013 mn·

173 3059 231 3114 tna
253 3051 371 3113 caritas
390 3051 517 3126 suadet,
540 3052 646 3131 parati
667 3052 780 3131 simus;

255 3170 287 3213 v.
301 3147 350 3215 15.
365 3151 504 3215 maxime
520 3151 608 3229 quod
622 3151 689 3231 ipse
700 3152 764 3213 hae
779 3152 812 3213 in
828 3170 863 3214 re
878 3152 1028 3232 exemplo
1049 3170 1109 3218 suo
1123 3152 1310 3231 praeiverit.

254 3271 286 3312 v.
308 3248 360 3314 ld.
383 3249 480 3313 Ratio
502 3269 563 3312 cur
584 3250 623 3312 de
646 3248 775 3314 Christo
796 3251 982 3332 exemplum
1004 3253 1180 3332 capiamus.

253 3372 285 3416 v.
305 3350 356 3416 17.
381 3350 468 3429 Quid
482 3352 555 3414 inde
571 3351 645 3413 boni
660 3353 752 3415 nobis
765 3351 1175 3433 exspectandum—Beati
1190 3370 1311 3427 serris,

170 3472 236 3518 non
257 3451 359 3525 estis;
391 3453 471 3515 haee
492 3470 571 3532 ergo
592 3469 656 3514 non
687 3452 851 3532 pertinent
871 3453 911 3514 ad
933 3453 1044 3533 priora
1066 3454 1167 3515 verba
1189 3451 1218 3516 si
1238 3454 1313 3515 haee

169 3554 273 3628 saitis,
295 3555 350 3617 sed
372 3553 412 3615 ad
433 3553 615 3633 posteriora
636 3550 665 3612 ei
684 3551 823 3632 feceritis
845 3572 891 3616 ea.

255 3676 286 3720 v.
311 3652 360 3720 18.
384 3652 456 3718 Noe
477 3655 513 3714 de
534 3651 676 3714 omeiem
697 3652 783 3714 vobis
804 3653 874 3715 dice
895 3673 953 3717 vos
975 3656 1086 3716 beatos
1113 3655 1245 3716 futuros
1265 3655 1314 3732 si,

174 3757 262 3839 quod
284 3737 461 3837 praecipio,
483 3753 674 3831 observetis,
697 3773 800 3834 quum
822 3755 862 3817 sit
883 3773 901 3818 e
922 3761 1032 3817 vestro
1054 3773 1192 3819 numero
1207 3756 1312 3834 quiin

172 3860 280 3923 animo
295 3858 382 3922 haud
398 3858 494 3920 habet
508 3856 591 3920 illud
606 3857 794 3932 observare,
807 3856 906 3937 idque
920 3876 971 3919 me
985 3876 1049 3919 non
1063 3859 1155 3934 latet,
1170 3875 1244 3918 nam
1262 3875 1317 3936 ega

171 3959 239 4023 seio
258 3979 334 4041 quas
354 3956 509 4038 elegerim,
532 3964 738 4038 perspectum
761 3958 865 4020 habeo
886 3958 1000 4038 quales
1014 3960 1036 4019 ii
1051 3959 1113 4020 sint
1135 3977 1216 4037 quos
1238 3974 1317 4037 apo-

172 4063 274 4126 stolos
295 4060 416 4124 creavi.
440 4056 499 4122 Sed
520 4077 595 4121 eum
618 4077 750 4138 quoque
772 4058 856 4138 elegi
869 4066 904 4118 ut
918 4056 1129 4137 adimpleatur
1142 4056 1309 4136 scriptura

173 4170 202 4223 et
221 4158 434 4224 celera-De
450 4158 556 4223 verbis
577 4167 612 4220 el
633 4156 859 4237 adimpleatur,
872 4159 957 4237 lege,
975 4175 1061 4238 quae
1080 4158 1316 4237 disputavimus
