2986 4912
170 326 229 395 111
482 343 511 390 in
534 343 669 389 noussen
692 340 939 390 cotinusrnnnn

168 429 201 492 in
221 430 324 510 cupite
346 429 422 494 xvl
442 425 529 529 dipsa
553 427 637 490 toltit
656 449 687 491 v.
708 426 760 508 223
784 426 943 507 quaedam
971 431 1076 487 tumen
1097 444 1140 487 ex
1162 423 1213 486 his
1229 423 1308 485 tati-

168 550 230 596 nus
251 533 410 614 interpres
432 535 530 596 vertit
550 534 583 594 in
605 539 730 612 tempus
757 531 920 593 futurum.
992 556 994 561 s
1104 516 1106 520 ’

250 655 280 698 v.
303 634 352 700 15.
375 635 521 698 Primum
536 635 814 716 praecipuumque
830 632 974 694 caritatis
996 630 1137 694 oiiicium
1152 628 1308 711 proponi·

169 743 234 798 tur.
249 733 340 800 Sicut
354 736 520 816 plenitudo
541 735 617 815 topic
638 745 681 798 cst
701 732 827 796 ditectio
850 732 905 814 (1),
930 735 974 796 ite
996 751 1090 795 nemo
1105 751 1183 796 vere
1198 731 1309 795 Deum

169 837 272 918 diligit
294 839 371 918 quin
392 839 460 902 eius
481 840 586 919 legem
607 838 759 901 observet
779 843 877 916 utque
897 836 1041 916 impleat.

248 959 301 1002 vv.
324 937 375 1005 16.
399 937 446 1004 17.
470 939 769 1003 Excellentissimus
789 937 932 1000 caritatis
954 936 1100 1013 tructus,
1124 935 1213 998 datio
1236 932 1308 1017 Spi-

169 1040 253 1103 ritus
282 1042 406 1121 sancti3
429 1040 554 1121 deque
579 1040 636 1120 qui
663 1047 693 1102 te
714 1039 871 1114 doceant,
893 1039 1073 1101 nominatos
1101 1037 1248 1100 invenies
1278 1039 1311 1100 in

169 1138 239 1203 Lib.
262 1140 311 1204 1-11
325 1143 365 1205 de
379 1142 562 1222 Evangeliis
585 1140 668 1202 Diss.
690 1138 807 1202 XLIII.
831 1159 862 1202 n.
883 1138 934 1203 71.
951 1138 1073 1204 Confer
1089 1137 1137 1203 Io.
1154 1136 1304 1216 vl1,39.

169 1274 210 1284 —
221 1241 404 1305 Puraatitus
419 1263 533 1324 graece
554 1240 757 1345 παρακλητος
778 1244 957 1305 advocatus.
982 1239 1067 1305 Nota
1082 1241 1165 1305 illud
1180 1239 1304 1314 atium5

170 1361 245 1405 nem
265 1351 297 1407 et
318 1343 465 1410 Christus
480 1346 659 1427 paraclitus
681 1355 748 1427 est3
770 1346 965 1410 Advocatum
988 1341 1196 1445 παρακλητον
1219 1344 1310 1406 habc-

169 1461 238 1504 mus
258 1448 344 1525 apud
357 1457 481 1526 patrem
500 1448 603 1512 Iesum
622 1448 776 1514 Christum
792 1450 844 1530 (2).
861 1449 975 1531 Neque
997 1449 1098 1511 atium
1117 1451 1192 1511 loco
1216 1445 1311 1511 Chri·

171 1544 224 1620 sti,
240 1546 294 1608 sed
310 1545 410 1610 atium
430 1557 564 1631 praeter
585 1549 761 1615 Christum.
789 1551 908 1617 Confer
922 1572 953 1616 v.
970 1549 1019 1616 18.
1032 1585 1072 1596 -
1087 1549 1199 1626 Quum
1215 1545 1312 1611 Chri-

171 1654 241 1710 stus
263 1655 294 1712 et
314 1647 452 1731 Spiritus
471 1661 600 1717 sanctus
621 1654 653 1715 in
673 1655 735 1716 hoc
755 1655 830 1718 loco
849 1673 914 1716 una
935 1657 1167 1735 comparentur
1189 1655 1226 1713 et
1248 1649 1315 1712 duo

172 1747 321 1813 advocati
351 1770 419 1815 esso
448 1753 618 1832 dicantur,
640 1757 745 1836 liquet
773 1754 930 1836 Spiritum
956 1762 1105 1818 sanctum
1138 1768 1317 1834 personam

174 1867 264 1925 esse,
287 1869 350 1914 non
370 1853 466 1916 modo
487 1873 506 1916 a
528 1853 678 1933 Christo,
701 1858 756 1921 sed
777 1863 810 1919 et
829 1876 848 1919 a
870 1853 973 1920 Chriti
995 1863 1088 1937 patre
1110 1852 1315 1925 distinctam,

172 1949 271 2030 inque
291 1953 445 2019 hocloco
466 1959 670 2040 perspicuam
691 1959 761 2022 tieri
782 1957 945 2022 Trinitatis
972 1957 1178 2022 mentionem.
1195 1951 1314 2016 -Ve-

170 2051 240 2114 rius
261 2055 376 2118 senties
397 2052 550 2136 Spiritum
581 2059 725 2123 ueritatis
746 2063 808 2124 troc
828 2062 861 2123 in
880 2061 954 2124 loco
981 2059 1163 2141 appellari,
1185 2076 1256 2120 non
1276 2059 1314 2118 ut

173 2171 215 2215 ex
241 2172 307 2234 quo
328 2156 369 2220 sit
387 2159 529 2238 veritas,
551 2162 606 2225 sed
627 2169 664 2226 ut
686 2163 742 2242 qui
762 2162 803 2226 sit
823 2182 865 2225 ex
885 2162 1044 2238 veritate,
1076 2177 1191 2240 grueoe
1213 2156 1316 2221 ‘enirn

171 2269 236 2314 non
261 2264 309 2320 est
329 2278 450 2351 πνευμα
470 2257 621 2343 ἀληθειας
645 2260 779 2344 (spirito
801 2260 837 2323 di
856 2259 1000 2340 corito),
1028 2262 1084 2324 sed
1106 2279 1233 2351 nusopu
1251 2262 1312 2336 της

170 2348 321 2442 &indetur
349 2362 482 2447 (spirito
503 2370 586 2431 detta
607 2366 753 2447 oeritd);
776 2366 898 2431 veritas
921 2384 1001 2429 voro
1029 2366 1109 2428 haec
1130 2365 1199 2447 ipsc
1222 2362 1317 2428 Chri-

175 2466 254 2546 stus.
277 2464 397 2531 Conter
417 2490 448 2534 v.
472 2469 503 2548 6,
527 2477 559 2534 et
578 2472 649 2552 lege
672 2468 846 2556 Cyrillum.

254 2563 388 2648 Aliquid
409 2571 493 2635 inv.
516 2570 555 2636 17
570 2572 839 2653 deprehendimus
861 2570 947 2651 quod
979 2572 1087 2651 primu
1116 2569 1227 2651 specie
1253 2587 1314 2632 non

172 2662 279 2731 levem
309 2673 530 2741 difficultatem
558 2678 712 2760 praefert.
737 2675 881 2739 Mundus
912 2674 1035 2737 dicitur
1067 2674 1217 2755 accipere
1251 2689 1315 2735 non

173 2783 266 2845 posse
287 2770 443 2855 Spiritum
474 2784 620 2841 sanctum
652 2777 727 2857 quia
759 2777 846 2838 hunc
865 2793 930 2837 non
950 2774 1139 2855 cognoscit,
1164 2773 1315 2857 discipuli

175 2894 254 2938 vero
276 2873 395 2940 Christi
415 2876 571 2961 Spiritum
591 2885 738 2942 sanctum
754 2875 914 2958 cognituri
929 2894 997 2938 esse
1020 2875 1095 2955 quia
1118 2874 1206 2956 apud
1227 2877 1313 2958 ipsos

175 2980 315 3042 manebit
322 3002 333 3060 3
355 2981 401 3044 itn
420 2989 459 3044 ut
479 3001 521 3044 ex
541 2983 645 3063 prima
666 2978 822 3044 sententia
852 2977 934 3041 effici
956 2976 1106 3039 videatur
1126 2962 1220 3057 prius
1247 2998 1313 3042 esse

176 3097 369 3158 cognoscere
390 3080 546 3161 Spiritum
566 3088 713 3145 sanctum
736 3098 834 3161 quarn
857 3077 1016 3159 accipere,
1034 3084 1148 3141 contre
1170 3097 1254 3143 vero
1274 3100 1314 3144 ex

175 3182 326 3243 secunda.
349 3179 464 3262 ltaque
484 3183 590 3265 primo
605 3181 861 3244 animadvertere
885 3196 1013 3241 necesse
1029 3184 1078 3241 est
1092 3180 1233 3242 alterum
1247 3199 1314 3244 sen-

177 3283 309 3344 tentiam
329 3284 361 3344 in
381 3302 496 3363 graeco
512 3284 692 3365 exemplari
712 3282 757 3345 sic
778 3301 859 3346 csse:
884 3274 978 3372 ὑμεις
994 3276 1027 3348 δε
1041 3300 1208 3371 preponere
1221 3278 1315 3364 αὐτο,

177 3374 226 3448 ὅτι
249 3385 322 3480 nop’
338 3378 417 3474 ipa
440 3404 525 3463 μενει
554 3405 611 3452 και
636 3378 668 3451 ἓν
692 3378 770 3475 ipra
795 3379 886 3453 ἔσται
917 3401 971 3444 aas
999 3391 1101 3444 autem
1128 3382 1316 3463 coadoratur

177 3504 257 3560 curu,
272 3486 348 3568 quia
362 3491 447 3569 apud
467 3509 521 3550 aas
540 3497 657 3562 maaet,
673 3499 701 3551 et
714 3488 750 3551 ia
765 3489 851 3552 cotie
872 3490 943 3553 erit.
961 3490 1084 3556 Deinde
1098 3492 1206 3557 verbis
1229 3493 1314 3575 apud

177 3607 231 3650 uos
254 3599 359 3652 mouet
392 3590 481 3653 eliud
512 3591 684 3671 significari
706 3611 743 3654 ac
764 3593 872 3655 verbis
893 3591 929 3654 ia
952 3591 1039 3655 vobis
1060 3592 1120 3657 erit
1130 3614 1148 3668 ,·
1170 3595 1203 3656 id
1227 3595 1314 3677 quod

177 3707 253 3752 sane
274 3690 479 3754 manifestum
500 3697 549 3754 est
560 3712 571 3770 ;
593 3688 732 3772 Spiritus
760 3697 891 3757 sanctus
918 3693 980 3755 iarn
1003 3694 1132 3774 quidem
1163 3696 1315 3759 manebat

176 3792 262 3872 apud
284 3791 403 3856 Christi
423 3791 611 3873 discipulos,
634 3793 753 3878 quippe
768 3794 837 3874 qui,
855 3795 980 3876 peccati
994 3802 1158 3876 expertes,
1176 3797 1312 3862 caritate

250 4021 286 4090 (1)
303 4025 376 4076 Rom.
396 4024 468 4090 iiiii,
483 4024 525 4074 tn.

250 4115 284 4184 (2)
302 4117 314 4166 1
332 4117 371 4170 lo.
390 4118 426 4185 11,
446 4118 471 4168 1.
