2986 4912
190 293 252 362 132
428 271 434 285 ’
562 312 593 358 ru
614 310 753 359 ruruuuu
775 307 1025 356 uuununrarrvn

306 396 364 477 17-
384 400 491 476 Venit
518 402 640 500 itaque
669 401 782 475 lesus:
813 414 851 474 et
879 400 1018 473 invenit
1046 420 1131 472 eum
1158 407 1337 495 quattuor

200 534 276 608 dies
303 532 375 605 iam
404 532 440 604 in
466 543 705 605 monumento
733 529 945 603 habentem.

309 654 359 735 18
387 657 489 759 (Erat
503 671 625 735 autern
644 659 821 732 Bethania
836 658 936 733 iuxta
957 657 1220 753 ierosolymam>
1239 680 1335 754 qua-

202 788 232 862 si
259 788 384 863 stadiis
411 784 644 885 quindecim.)
755 848 757 852 Α

309 909 358 988 19
387 913 491 988 Multi
520 927 642 988 autern
658 937 705 986 ex
724 913 865 995 ludaeis
881 914 1116 988 veneruntad
1134 911 1336 996 Martham,

143 1106 146 1116 .
202 1056 240 1119 et
267 1041 434 1129 Mariam,
459 1054 500 1117 ut
528 1043 802 1139 consolarentur
829 1066 892 1116 eas
918 1042 962 1116 de
991 1042 1104 1116 fratre
1131 1066 1212 1116 suo.

305 1163 358 1244 20
386 1169 528 1244 Martha
556 1193 643 1266 ergo
669 1182 712 1243 ut
738 1169 876 1247 audivit
903 1169 987 1266 quia
1015 1170 1118 1244 lesus
1135 1168 1253 1254 venit,
1272 1191 1336 1242 oc*

199 1299 313 1373 currit
341 1297 405 1371 iliiz
434 1296 546 1370 Maria
575 1309 699 1371 autem
726 1297 822 1371 durni
853 1297 1018 1372 sedebat.

305 1416 353 1497 21
386 1422 487 1496 Dixit
513 1446 613 1519 erge
626 1414 767 1496 Martha
783 1424 829 1496 ad
848 1422 983 1498 lesum:
1004 1421 1171 1506 Domine,
1191 1422 1223 1495 si
1243 1421 1336 1495 iuis·

203 1575 261 1625 aas
288 1551 362 1634 hic,
387 1550 503 1625 frater
528 1574 632 1624 meus
659 1564 732 1624 nou¹
757 1550 889 1637 fuisset
918 1563 1096 1625 mortuus:

309 1675 361 1752 22
389 1677 459 1753 Sed
488 1692 525 1754 et
551 1680 750 1754 nunesuio
790 1679 874 1777 quia
893 1702 1144 1776 quaecumque
1161 1699 1335 1775 poposce-

205 1806 304 1880 risa
331 1805 422 1899 Deo,
450 1806 551 1881 dabit
578 1807 644 1881 tihi
664 1807 775 1883 Deus.

307 1929 360 2010 23
389 1935 484 2010 Dicit
512 1935 563 2009 iiii
590 1937 705 2043 iesus:
733 1935 916 2033 Resurget
944 1934 1058 2009 frater
1085 1946 1182 2009 tuus.

308 2057 364 2138 21
389 2063 484 2138 Dieit
512 2065 546 2138 ei
573 2062 737 2139 Martha:
766 2063 848 2137 Scin
876 2062 960 2161 quia
988 2073 1154 2158 resurget
1190 2061 1229 2132 in
1271 2087 1331 2136 re-

204 2192 428 2269 surrectione
455 2193 492 2265 in
519 2192 719 2267 novissimo
745 2192 816 2266 die.

311 2314 363 2392 25
392 2319 494 2392 Dixit
521 2320 555 2393 ei
583 2320 697 2394 lesus:
725 2318 805 2418 Ego
831 2341 913 2394 sum
939 2317 1172 2404 resurrectio,
1189 2329 1229 2391 et
1243 2317 1332 2391 vitaz

206 2443 272 2544 qui
296 2447 410 2519 credit
437 2446 474 2517 in
501 2469 575 2532 me,
603 2447 715 2520 etiam
735 2447 765 2529 si
794 2459 960 2520 mortuus
987 2444 1111 2530 fuerit,
1138 2444 1252 2517 vivet:

310 2564 363 2645 26
391 2584 428 2645 et
456 2573 586 2659 omnis,
615 2572 676 2670 qui
704 2573 806 2659 vivit,
822 2588 860 2646 et
888 2572 1003 2646 credit
1016 2573 1141 2658 inme,
1153 2594 1230 2646 non
1249 2595 1330 2646 rnu-

197 2699 321 2779 „rietur
348 2698 384 2770 iu
401 2711 615 2791 aeternum.
645 2698 771 2773 Credis
797 2697 899 2774 hou?

312 2818 363 2898 21
392 2825 454 2899 Ait
481 2826 544 2899 illi:
575 2826 705 2925 Vtique
733 2826 901 2913 Domine,
928 2851 996 2922 ego
1023 2826 1172 2912 credidi,
1187 2828 1273 2925 quia
1293 2843 1332 2902 tu

206 2975 246 3026 es
272 2952 440 3028 Christus
466 2955 562 3029 filius
587 2954 652 3029 Dei
683 2956 767 3041 vivi,
795 2959 856 3055 qui
885 2955 920 3028 in
947 2957 1044 3030 hunu
1062 2958 1239 3030 mundum
1273 2982 1333 3032 ve-

194 3081 310 3160 ntsti.
707 3154 710 3159 .

315 3206 367 3283 28
395 3209 443 3284 Et
471 3235 554 3286 curn
580 3211 672 3285 haec
699 3212 865 3298 dixisset,
893 3212 996 3299 abiit,
1023 3225 1061 3287 et
1089 3215 1233 3288 vucavit
1261 3215 1336 3290 Ma-

203 3338 301 3414 riam
330 3363 490 3414 sororem
520 3364 623 3414 suam
652 3339 974 3442 silentiofdieens:
1004 3339 1176 3438 Magister
1203 3343 1336 3429 adest,

210 3479 248 3542 et
275 3481 382 3542 vocat
410 3481 460 3541 te.

314 3589 452 3669 291113
480 3608 522 3670 ut
550 3595 702 3682 audivit,
729 3596 844 3693 surgit
872 3596 959 3684 eito,
987 3608 1024 3689 et
1052 3596 1152 3671 venit
1170 3597 1218 3670 ad
1238 3621 1335 3673 eum:

314 3715 366 3796 30
393 3721 559 3796 Nondum
587 3723 684 3796 enirn
712 3736 861 3797 venerat
881 3724 981 3798 lesus
996 3725 1032 3796 in
1048 3723 1254 3798 castellum:
1276 3726 1337 3801 sed

195 3863 286 3925 erat
313 3849 430 3922 adhue
458 3851 494 3924 iu
522 3849 585 3923 illu
612 3850 708 3937 luco,
735 3850 795 3924 ubi
824 3864 1033 3927 occurrerat
1061 3852 1093 3926 ei
1112 3849 1280 3945 Martha.

315 3972 362 4053 31
395 3980 516 4054 ludaei
546 4005 644 4078 ergo,
673 3981 734 4078 qui
763 3995 868 4054 erant
894 4006 978 4055 uum
1006 4005 1049 4055 ea
1076 3982 1114 4055 in
1141 3982 1275 4068 dumo,
1302 3994 1336 4056 et

207 4106 487 4184 consolabantur
514 4131 610 4197 eam,
638 4132 719 4183 curn
748 4109 924 4185 vidissent
955 4107 1106 4185 Mariam
1144 4111 1230 4208 quia
1267 4111 1336 4186 nito
