2986 4912
506 274 609 321 carra
633 253 761 320 saxrvu
1163 236 1203 323 63

62 363 257 440 ordeaceos
286 377 324 440 et
351 356 613 462 duos-pisces:
646 363 709 435 sed
748 363 837 434 haec
869 361 955 458 quid
989 372 1075 435 sunt
1102 362 1199 436 inter

64 488 219 564 tantos?

174 611 224 690 10
258 617 358 692 Dixit
385 643 472 716 ergo
519 617 640 691 lesus:
677 615 800 690 Facite
838 616 1006 690 homines
1035 618 1200 690 discum-

64 743 166 816 bere.
196 743 286 817 Erat
315 760 437 819 autem
467 745 615 819 foenum
644 743 800 817 multum
829 744 864 815 in
885 744 978 817 loco.
1000 742 1201 818 Discubue-

65 884 152 944 runt
185 895 270 968 ergo
297 873 378 958 viri,
407 895 560 946 numero
583 871 688 967 quasi
719 871 877 967 quinque
912 871 1038 943 miliia.

151 991 223 1069 ·11
258 997 407 1097 Accepit
431 1021 516 1094 ergo
549 998 652 1071 lesus
681 1021 824 1093 panes:
859 1008 898 1069 et
939 1021 1022 1069 cum
1066 996 1201 1093 gratias

69 1122 219 1218 egisset,
247 1125 433 1198 distribuit
462 1124 786 1198 discumbentibus:
817 1123 985 1196 similiter
1012 1136 1050 1196 et
1078 1148 1124 1197 ex
1147 1125 1203 1221 pi-

70 1249 193 1323 scibus
226 1265 403 1347 quantum
434 1251 620 1327 volebant.
841 1230 845 1237 ¹

178 1371 227 1450 12
261 1375 308 1450 Vt
340 1391 462 1452 autem
501 1374 643 1474 impleti
677 1388 775 1460 sunt,
794 1373 1201 1473 dixitdiscipulis'suis:

71 1501 241 1599 Colligite
273 1526 365 1600 quae
399 1515 664 1600 superaverunt
696 1502 914 1597 fragmenta,
946 1525 993 1575 ne
1011 1515 1176 1599 pereant.

180 1623 229 1703 13
266 1628 499 1725 Collegerunt
538 1652 637 1724 ergo,
670 1640 709 1701 et
736 1626 982 1723 impleverunt
1012 1628 1204 1702 duodecim

73 1754 248 1851 cophinos
263 1755 550 1852 fragmentorum
569 1778 616 1827 ex
635 1754 793 1851 quinque
821 1753 975 1849 panibus
1007 1754 1206 1841 ordeaceis,

74 1905 167 1977 quae
196 1881 454 1979 superfuerunt
476 1881 555 1965 his,
594 1881 656 1976 qui
685 1880 1005 1953 manducaverant.

185 1999 235 2081 td
262 2007 319 2080 liii
347 2031 433 2105 ergo
464 2007 631 2081 homines
663 2028 746 2079 cum
780 2005 956 2080 vidissent
983 2006 1079 2100 quod
1107 2005 1209 2080 Iesus

76 2132 215 2207 fecerat
248 2134 405 2231 signum,
443 2133 632 2208 dicebant:
664 2129 756 2221 Quia
784 2132 844 2206 hic
873 2144 931 2205 cst
950 2156 1035 2207 vere
1052 2134 1211 2230 propbe-

77 2272 130 2346 ta,
163 2261 222 2358 qui
256 2274 432 2335 venturus
465 2273 522 2334 est
551 2262 586 2332 in
617 2259 806 2333 mundum.
863 2340 864 2343 Ἴ
1031 2248 1033 2252 ’

186 2381 236 2463 15
264 2389 366 2462 lesus
403 2411 489 2484 ergo
518 2411 600 2461 cum
625 2386 855 2483 cognovisset
874 2386 958 2483 quia
979 2387 1122 2459 venturi
1146 2411 1210 2461 es-

79 2525 162 2588 sent
188 2528 231 2589 ut
262 2527 433 2613 raperent
460 2537 560 2599 eum,
587 2526 625 2587 et
653 2513 816 2586 iacerent
844 2537 928 2586 eum
951 2536 1090 2609 regem,
1118 2514 1211 2612 fugit

79 2640 214 2716 iterum
243 2641 281 2713 in
314 2653 475 2715 :nentem
505 2641 582 2736 ipse
616 2639 728 2712 solus.

187 2760 238 2840 16
266 2765 314 2840 v:
340 2780 462 2842 autem
491 2789 572 2841 sero
600 2765 738 2840 iactum
766 2776 841 2850 est,
864 2765 1129 2839 descenderunt
1156 2767 1211 2840 di-

81 2892 212 2990 scipuli
238 2894 317 2966 eius
350 2895 396 2967 ad
427 2917 540 2967 mare.

191 3013 240 3092 17
268 3019 428 3093 Etcum
456 3019 704 3093 ascendissent
736 3018 876 3102 navim,
905 3030 1083 3091 venerunt
1111 3030 1212 3092 trans

85 3143 185 3221 mare
215 3148 252 3218 in
284 3146 562 3244 capharnaum:
599 3159 637 3220 et
669 3145 842 3220 tenebrae
867 3144 939 3216 iam
959 3143 1077 3217 factae
1096 3157 1212 3218 erant:

85 3289 124 3348 et
152 3297 223 3347 non
256 3286 407 3349 venerat
440 3274 485 3347 ad
517 3296 580 3347 eos
609 3273 723 3346 lesus.

195 3394 244 3474 18
272 3399 371 3474 Mare
409 3414 546 3485 autem,
575 3412 685 3474 vento
700 3421 832 3494 magno
861 3396 1216 3494 flante,exurgebat.

197 3521 246 3600 19
274 3526 366 3601 Cum
399 3528 641 3623 remigassent
679 3550 765 3622 ergo
795 3523 898 3620 quasi
932 3526 1048 3597 stadia
1092 3527 1218 3621 viginti

88 3654 246 3750 quinque
280 3665 344 3726 aut
371 3652 534 3748 triginta,
566 3653 691 3725 vident
721 3652 839 3724 iesum
876 3649 1124 3724 ambulantem
1154 3675 1219 3726 su-

86 3805 152 3878 pra
181 3803 294 3865 mare,
324 3791 361 3852 et
390 3779 597 3874 proximum
625 3778 710 3850 navi
738 3777 830 3864 fieri,
858 3789 897 3852 et
924 3778 1138 3851 timuerunt.

129 3926 132 3931 ·
197 3901 250 3979 20
280 3906 344 3977 ilie
364 3905 592 3978 autemdicit
613 3905 678 3976 eis:
699 3903 776 4000 Ego
792 3926 887 3990 sum,
909 3903 1021 3977 nolite
1042 3903 1192 3977 timere:

199 4026 247 4105 21
268 4031 470 4106 Voluerunt
496 4054 583 4126 ergo
603 4030 765 4127 accipere
785 4052 868 4104 eum
884 4030 920 4104 in
940 4029 1079 4106 navim:
1095 4039 1134 4104 et
1149 4027 1225 4105 sta-

96 4163 160 4234 tim
190 4161 292 4233 navis
320 4159 388 4233 suit
416 4160 460 4233 ad
490 4171 638 4244 terram,
668 4158 703 4230 in
732 4180 841 4256 quam
869 4156 981 4232 ibant.
