2986 4912
517 337 619 385 cxnrn
640 338 783 385 nncrnrn
806 337 965 386 snrrtuvn
1251 314 1312 386 3115

176 425 209 482 et
229 423 466 502 separationem
486 424 590 504 sonae
607 424 650 496 ita
672 430 711 486 ut
731 421 879 487 Christus
900 429 1026 510 patrem
1045 439 1110 486 non
1124 422 1313 502 simpliciter

177 526 271 599 roget
291 526 329 584 ut
357 522 531 602 discipulos
552 529 661 586 servet
681 541 699 584 a
721 525 832 587 mundi
852 522 1080 605 improbitate,
1102 520 1158 585 sed
1179 522 1223 584 ita
1243 538 1312 584 ser-

97 618 102 624 ’
173 625 286 682 vetut
306 639 325 684 1
346 622 468 685 mundo
488 624 636 704 improbo
657 625 775 687 secreti
796 625 861 687 sint
882 643 921 686 ac
941 623 1092 704 separati.
1110 620 1197 684 -ln
1218 642 1248 686 v.
1270 619 1312 686 16

173 724 292 805 repetit
312 725 399 803 quod
421 726 549 789 dixerat
568 727 600 787 in
621 745 652 789 v.
676 721 738 802 tt,
762 733 879 806 utpote
901 745 971 788 rem
992 744 1091 804 quam
1112 723 1245 786 maximi
1266 722 1314 785 ta·
1398 748 1403 755 ·

174 831 285 902 caret,
313 845 477 906 quamque
501 827 742 907 discipulorum
773 829 885 890 animis
913 828 1040 908 penitus
1065 826 1203 888 insidere
1231 844 1314 906 opus

174 931 269 989 esset.

252 1047 307 1090 vv.
335 1025 374 1094 17
388 1026 465 1095 -19.
488 1028 597 1093 Tertia
617 1031 740 1112 petitio.
764 1027 912 1093 Christus
938 1032 1112 1108 rogaverat
1132 1014 1258 1108 patrem
1278 1033 1317 1090 ut

171 1126 348 1208 discipulos
373 1135 460 1193 tutos
481 1136 663 1211 praestaret
683 1149 702 1192 a
724 1129 839 1191 mundi
867 1127 1073 1209 improbitate
1107 1133 1314 1208 secretosque

175 1228 306 1309 abipso
327 1231 462 1310 mundo;
484 1251 570 1294 nunc
591 1233 653 1295 hoc
676 1230 827 1312 amplius,
840 1235 879 1292 ut
898 1248 953 1292 eos
973 1234 1099 1290 sanctos
1114 1228 1243 1304 efficiat,
1266 1236 1313 1292 ta·

173 1327 234 1404 les,
258 1329 403 1408 inquam,
426 1332 483 1411 qui
502 1330 572 1394 Deo
592 1332 758 1395 sacri-sint
779 1350 817 1393 ao
838 1329 959 1405 devoti,
982 1328 1079 1408 idque
1100 1326 1136 1389 io
1157 1326 1309 1405 veritate,

173 1430 236 1492 boc
257 1437 306 1494 est
321 1451 380 1510 per
403 1431 588 1506 veritatem,
607 1434 761 1495 nimirum
782 1451 841 1514 per
865 1432 965 1511 ipsius
995 1431 1096 1510 patris
1126 1448 1306 1492 ammonem.

176 1527 296 1594 Confer
311 1530 358 1595 lo.
375 1532 448 1610 XV,
462 1531 492 1597 3.
514 1531 605 1596 —ln
626 1535 730 1596 altera
761 1534 859 1595 huius
880 1549 994 1595 versus
1015 1536 1107 1611 parte
1138 1549 1236 1591 sermo
1260 1537 1310 1594 est

172 1632 343 1696 subiectum
363 1636 557 1712 sententiae,
579 1634 696 1697 ceritas
717 1641 766 1698 est
783 1631 1017 1715 praedicatum,
1038 1632 1123 1693 sieut
1146 1651 1164 1695 e
1185 1634 1309 1711 graecis

174 1736 281 1798 verbis
295 1736 420 1816 liquido
441 1737 613 1818 intelliges,
636 1757 719 1817 quae
741 1737 786 1799 sic
804 1743 893 1798 sunt:
917 1728 934 1798 ὃ
956 1731 1051 1824 >topos
1068 1728 1085 1798 ὁ
1101 1754 1158 1812 σος
1174 1729 1308 1812 elladam

174 1833 248 1905 ἐστι
259 1835 485 1916 (itraoaeraoe
496 1837 667 1917 1111111).-
678 1837 843 1901 Petitionis
854 1839 938 1901 ratio
949 1838 1156 1916 subiungitur
1167 1838 1241 1902 inv.
1254 1835 1306 1915 18,

173 1961 278 2022 eaque
299 1950 347 2005 est
368 1961 486 2006 munus
508 1960 574 2021 quo
599 1941 748 2020 discipuli
770 1940 860 2019 fungi
874 1939 1162 2019 debebant3neque
1177 1939 1261 2000 enim
1276 1940 1308 2001 in

172 2045 294 2107 mundo
315 2045 459 2107 mansuri
480 2050 659 2122 utcumque
679 2047 783 2117 erant,
799 2042 855 2104 sed
875 2042 916 2103 ad
935 2043 1092 2104 mundum
1112 2041 1306 2120 legationem

173 2145 306 2207 obituri.
329 2179 370 2190 —-
383 2144 456 2208 Vox
478 2143 560 2207 sicut
580 2144 738 2224 significat
758 2144 798 2204 ad
820 2144 969 2206 eumdem
990 2143 1098 2218 finem,
1121 2144 1182 2205 hoc
1203 2144 1306 2206 estad

97 2308 99 2312 ,
172 2246 342 2309 hominum
361 2248 513 2322 salutem,
535 2245 708 2326 discipulos
729 2262 747 2305 a
770 2242 898 2306 Christo
919 2243 952 2305 in
971 2244 1128 2306 mundum
1150 2243 1245 2318 mitti,
1265 2245 1306 2305 ad

172 2367 270 2426 quam
290 2354 385 2429 pater
404 2349 536 2412 miserat
556 2350 661 2429 ipsum
683 2345 860 2411 Christum.
878 2343 1007 2420 -Quo
1033 2352 1159 2426 patrem
1190 2346 1230 2408 ad
1250 2363 1307 2409 an-

173 2449 338 2511 nuendum
360 2456 511 2526 moreat,
534 2447 682 2511 Christus
714 2449 795 2509 haec
823 2443 911 2508 addit
931 2447 963 2507 in
984 2465 1015 2509 v.
1038 2443 1089 2511 19:
1114 2445 1157 2507 Et
1177 2465 1239 2525 pro
1262 2445 1307 2510 eis

172 2565 226 2626 ego
249 2548 412 2627 sanctifico
442 2549 605 2630 meipsum,
631 2549 795 2612 victimam
816 2566 867 2610 me
889 2548 953 2608 iam
974 2545 1089 2622 efficio,
1111 2546 1151 2608 ad
1172 2547 1204 2608 id
1225 2566 1307 2627 quo-

172 2668 237 2729 que
255 2651 470 2745 ¹exorandum
495 2652 583 2732 quod
604 2670 689 2713 nunc
717 2670 808 2730 rogo.
842 2648 890 2712 Ita
922 2647 1171 2734 Chrysostomus
1192 2656 1225 2712 et
1245 2648 1307 2736 Cy-

172 2751 280 2814 rillus.

254 2871 308 2915 vv.
330 2849 372 2919 20
384 2888 398 2899 -
410 2851 461 2918 23.
479 2852 570 2929 Quae
584 2872 645 2935 pro
660 2853 836 2932 discipulis,
856 2852 967 2913 eadem
988 2857 1017 2910 rt
1025 2867 1085 2929 pro
1100 2847 1154 2924 eis,
1171 2848 1228 2930 qui
1240 2869 1305 2912 cre-

171 2950 273 3014 dituri
293 2963 367 3016 suot
385 2974 444 3034 per
467 2955 592 3017 vertam
607 2973 722 3030 eorum,
739 2952 886 3016 Christus
913 2951 1014 3031 petit,
1037 2969 1075 3012 ac
1099 2956 1208 3012 cetera
1234 2952 1306 3030 qui-

170 3054 245 3116 dem
256 3055 289 3117 in
299 3057 490 3119 universum
501 3076 532 3118 v.
544 3053 596 3133 20,
609 3057 692 3119 illud
705 3062 812 3117 tamen
823 3053 983 3133 expressis
995 3052 1101 3116 verbis
1113 3070 1167 3115 vv.
1177 3048 1216 3114 bl
1226 3086 1242 3098 ·
1250 3049 1302 3130 ⁶23,

172 3157 261 3234 quod
281 3164 450 3239 tantopere
471 3158 715 3221 commendabat
733 3162 832 3236 atque
851 3156 1048 3230 inculcabat,
1064 3155 1135 3217 dico
1151 3155 1305 3216 virtutem

172 3259 327 3323 caritatis.
343 3259 445 3323 -Ne
467 3280 532 3339 qua
553 3259 723 3322 difficultas
744 3259 786 3322 sit
806 3277 824 3320 a
846 3277 926 3323 voce
946 3257 1044 3330 sicut,
1070 3255 1158 3336 quod
1178 3257 1305 3336 saepius

170 3360 203 3421 in
218 3361 267 3423 his
282 3362 429 3423 versibus
450 3367 644 3441 usurpatum
665 3366 726 3432 cst,
748 3360 857 3423 recole
878 3377 962 3438 quac
982 3358 1122 3420 diximus
1147 3358 1186 3419 de
1202 3377 1232 3419 v.
1252 3353 1302 3420 11.

257 3460 293 3524 Vc
318 3482 446 3535 emeres,
469 3463 530 3525 hoo
551 3469 600 3523 est
619 3463 790 3531 universus
812 3458 1070 3523 Christianorum
1091 3465 1203 3520 coctus
1224 3462 1306 3518 tota-

171 3582 236 3642 que
257 3565 405 3640 eeclesia,
428 3581 525 3623 unum
550 3560 626 3634 aiot,
652 3560 734 3621 sicut
755 3570 800 3633 te,
818 3569 924 3639 pater,
948 3558 985 3621 io
1005 3579 1051 3621 me
1076 3568 1104 3619 et
1127 3577 1180 3637 rgo
1206 3557 1242 3618 ia
1264 3564 1302 3617 te.

171 3664 240 3728 Cur
261 3684 425 3739 veronen
449 3665 553 3740 dixit,
582 3662 857 3743 quemadmodum
884 3662 997 3743 paullo
1031 3659 1114 3721 inira
1134 3659 1167 3718 in
1187 3677 1218 3719 v.
1241 3653 1302 3730 m,

168 3764 253 3827 siret
273 3776 301 3828 et
320 3785 378 3827 nos
405 3784 504 3826 unum
527 3759 664 3827 sumus?
686 3762 782 3841 Quia,
804 3765 831 3825 si
851 3763 896 3825 ita
917 3763 1061 3836 dixisset,
1084 3778 1153 3821 rem
1175 3757 1305 3838 quidem

171 3867 389 3941 enuntiasset,
412 3867 467 3930 sed
489 3866 647 3928 rationem
667 3882 799 3944 quoque
820 3864 869 3926 rei
889 3882 927 3925 ac
948 3862 1080 3925 modum
1101 3859 1229 3940 aperire
1249 3875 1307 3919 vo-

171 3967 247 4045 luit3
264 3967 356 4030 'tilius
380 3968 464 4029 enim
489 3973 522 4029 et
548 3972 641 4047 pater
661 3984 763 4028 unum
785 3973 861 4027 sunt
873 3965 918 4026 ita
932 3969 970 4026 ut
983 3964 1067 4025 alter
1086 3962 1119 4022 in
1140 3961 1244 4022 altero
1264 3958 1306 4021 sit

170 4075 305 4147 propter
326 4087 423 4130 unam
444 4086 581 4130 numero
603 4066 837 4145 indivisamque
864 4070 1026 4127 naturam.
1050 4060 1135 4141 Lege
1155 4077 1239 4140 quae
1258 4057 1306 4118 di-

172 4170 279 4234 ximus
300 4170 340 4233 de
362 4162 411 4233 lo,
432 4168 529 4246 XlV,
552 4165 601 4235 10.
624 4164 685 4231 Rei
705 4173 814 4229 autem
845 4165 941 4228 modo
972 4163 1072 4228 semel
1103 4160 1249 4243 exposito
1274 4157 1306 4218 in
