2986 4912
583 337 684 386 uuuvr
708 338 878 388 vrousruvu
1116 271 1118 275 >
1249 323 1308 391 225

278 420 331 501 28
358 423 560 526 Respondit
573 425 747 516 Thomas,
767 440 806 504 et
823 428 917 503 dixit
935 429 1173 534 eizfllominus
1187 455 1305 518 meus,

173 566 211 629 et
238 552 336 631 Deus
364 577 482 629 meus.

280 677 333 756 29
361 682 461 758 Dixit
488 683 521 760 ei
549 683 664 793 lesus:
694 679 785 774 Quia
814 685 935 761 vidisti
964 709 1022 761 me
1051 686 1205 774 Thema,
1235 712 1309 764 ore·

173 809 310 886 didistiz
339 808 439 886 beati
466 810 527 909 qui
561 834 633 886 non
656 810 838 900 uiderunt,
866 827 905 889 et
933 815 1174 891 crediderunt.

281 931 333 1014 30
361 936 473 1012 Multa
497 938 656 1037 quidem,
676 952 714 1015 et
733 940 804 1016 alia
822 941 923 1040 signa
943 941 1030 1018 seuit
1050 942 1151 1018 lesus
1174 944 1211 1017 in
1230 966 1311 1017 eon·

174 1076 304 1165 speetu
331 1064 588 1164 discipulorum
608 1091 770 1154 snorum,
789 1092 882 1167 quae
909 1094 980 1145 non
1009 1068 1093 1146 sunt
1120 1072 1253 1170 scripta
1273 1066 1321 1143 in

173 1193 264 1270 libro
289 1193 372 1270 hoo.

281 1315 327 1398 31
359 1320 457 1398 Haeo
475 1335 597 1398 autem
618 1323 751 1422 scripta
771 1335 856 1400 sunt
870 1338 912 1400 ut
926 1327 1094 1413 medatis,
1109 1327 1192 1425 quia
1208 1327 1309 1401 lesus

172 1460 231 1525 ost
255 1446 423 1526 Christus
448 1448 560 1525 Filius
588 1449 664 1526 Dei:
693 1463 731 1525 et
759 1464 799 1526 ut
827 1454 1033 1541 eredentes,
1053 1454 1170 1542 vitam¹
1194 1454 1307 1528 habe-

173 1575 244 1652 atis
270 1560 478 1654 innomine
506 1577 612 1667 eius..

616 2045 869 2099 COMMENTARWM
889 2071 892 2080 ⁴

175 2269 371 2425 Quomodo
392 2334 472 2399 haee
485 2334 620 2400 historia
635 2336 674 2401 de
689 2336 880 2402 mulieribus
902 2337 1007 2418 dequo
1029 2336 1127 2402 Petro
1141 2342 1175 2402 et
1188 2336 1307 2402 Ioanne

175 2434 296 2501 Christi
316 2437 503 2530 sepulerum
524 2437 734 2503 invisentibus
756 2456 831 2502 oum
852 2437 931 2516 illa,
955 2458 1039 2520 quae
1059 2439 1182 2519 legitur
1202 2440 1234 2501 in
1255 2458 1308 2504 uo-

173 2539 252 2604 teris
272 2539 457 2620 evangeliis,
479 2537 521 2602 sit
540 2540 781 2619 componenda,
805 2541 1002 2604 ostendimus
1023 2541 1055 2603 in
1076 2538 1175 2605 Libro
1196 2538 1245 2604 lll
1267 2542 1307 2604 do

172 2637 358 2720 Evangeliis
377 2637 461 2704 Diss.
482 2637 581 2717 Lill,
603 2639 733 2720 aliaque
763 2640 829 2703 hue
859 2641 1052 2722 pertinentia
1082 2642 1180 2705 habes
1201 2641 1233 2702 in
1255 2639 1307 2703 Li-

173 2739 235 2804 bro
248 2738 281 2804 11
294 2741 335 2806 do
347 2741 533 2823 Evangeliis
553 2739 671 2805 dnnot.
688 2738 803 2806 CCVII
823 2760 912 2822 seqq.
935 2738 1088 2806 Ceterum
1107 2743 1164 2806 vix
1183 2741 1307 2822 aliquid

176 2841 209 2908 iu
229 2860 268 2906 ea
289 2842 445 2924 estquod
465 2843 530 2906 alia
550 2840 769 2907 declaratione
790 2839 942 2922 indigeat.

252 2961 284 3009 v.
305 2941 336 3008 l.
364 2942 431 3008 Voo
450 2951 553 3008 autem
576 2940 698 3006 sabbati
723 2942 805 3019 sive,
827 2947 867 3007 ut
886 2959 1003 3024 graeca
1023 2948 1110 3018 sunt,
1135 2962 1195 3010 των
1218 2940 1308 3034 σαβ-

171 3042 283 3138 duros
305 3048 520 3120 sabbatorum
546 3046 609 3110 hoo
629 3053 678 3110 est
697 3045 804 3127 primo
825 3044 876 3109 dio
897 3046 1128 3111 hebdomadae.
1144 3081 1184 3095 -
1196 3047 1307 3116 Maria

172 3150 373 3233 Mandalum,
395 3168 460 3214 non
480 3155 588 3213 tamen
607 3149 690 3226 sola,
712 3147 797 3211 sicut
817 3152 951 3229 apparet
972 3166 1014 3210 ex
1034 3167 1066 3211 v.
1088 3146 1120 3212 2.

251 3271 284 3319 v.
305 3250 336 3316 2.
360 3249 515 3314 Toleruot
536 3247 707 3311 Dominum
734 3248 771 3311 de
797 3255 997 3311 monumento
999 3267 1016 3321 ;
1045 3249 1133 3328 quod
1154 3248 1212 3312 illa
1233 3269 1308 3315 oon·

171 3354 319 3419 iactando
349 3352 551 3428 affirmabat,
575 3349 745 3413 nonenim
766 3348 798 3412 in
819 3356 1065 3413 monumentum
1086 3351 1277 3416 intraverat.

250 3473 305 3520 vv.
327 3452 358 3519 6.
379 3451 410 3517 7.
433 3451 498 3516 Res
530 3452 611 3515 adeo
642 3450 825 3514 minutatim
857 3442 1017 3530 descripta
1049 3450 1126 3514 satis
1156 3458 1241 3516 esset
1270 3456 1309 3515 ut

172 3557 313 3639 scriptor
333 3554 548 3638 proderetur,
571 3554 640 3634 qui,
663 3569 748 3633 quae
768 3570 787 3615 a
809 3550 908 3616 Petro
929 3550 997 3615 visa
1018 3570 1087 3614 esse
1118 3558 1251 3631 narrat,
1275 3561 1308 3617 et

171 3659 240 3740 ipse
260 3659 390 3734 viderit,
407 3657 531 3721 etiamsi
552 3674 616 3721 non
636 3654 783 3732 adderet,
798 3654 884 3718 siout
904 3653 1060 3722 continuo
1073 3653 1163 3730 inuit,
1178 3672 1213 3718 se
1226 3672 1308 3734 quo-

170 3779 236 3841 que
255 3778 295 3825 ea
313 3760 439 3824 vidisse.

154 3931 155 3935 ,
251 3880 283 3926 v.
306 3858 337 3926 8.
361 3858 404 3923 Et
427 3856 584 3933 eredidit,
607 3855 772 3922 Christum
804 3856 961 3921 revixisse
992 3854 1153 3920 videlieet.
1188 3853 1308 3920 Confer

172 3981 204 4025 v.
227 3960 258 4027 9.
280 3959 367 4028 Nota
400 3961 552 4026 usitatam
583 3959 673 4023 illam
704 3958 887 4024 clausulam
914 3958 977 4020 hou
1009 3975 1141 4037 quoque
1171 3954 1204 4019 in
1230 3957 1305 4031 louo

172 4063 358 4127 adhibitam.

1054 4258 1094 4324 15
