2986 4912
506 359 536 402 m*
559 355 695 402 teitaun
718 352 965 400 conuenturum

559 595 765 643 ctrvr
821 594 919 641 xit

285 946 303 1024 1
336 867 453 1027 lesus
485 972 571 1046 crgo
591 960 675 1021 ante
705 972 770 1023 sex
799 947 876 1021 dies
891 943 1054 1020 Paschae
1081 945 1183 1022 venit
1197 941 1312 1020 Beth·

177 1079 312 1166 aniam,
350 1078 411 1152 ubi
440 1077 599 1150 Lazarus
636 1075 756 1151 iuerat
788 1089 982 1161 mortuus,
1010 1098 1117 1174 quem
1155 1076 1312 1151 suscita-

179 1209 234 1283 vit
265 1207 379 1281 lesus.

284 1330 517 1408 2Fecerunt
567 1346 690 1407 autem
728 1334 762 1406 ei
804 1354 954 1406 coenam
986 1332 1062 1405 ibi:
1097 1347 1136 1407 et
1168 1329 1314 1406 Martha

180 1461 425 1548 ministrabat,
458 1460 616 1536 Lazarus
648 1485 734 1535 vero
763 1484 856 1534 nnus
884 1474 964 1534 erat
990 1485 1037 1534 cx
1052 1458 1315 1535 discumbenti·

182 1593 251 1668 hus
280 1615 362 1666 cum
396 1614 452 1665 eo.
1066 1678 1070 1685 Ι
1216 1686 1219 1693 ν

289 1714 313 1794 3
342 1718 454 1794 Maria
485 1743 571 1816 crgo
605 1719 746 1817 accepit
773 1717 903 1791 iibram
935 1719 1109 1815 unguenti
1137 1718 1242 1791 nardi
1256 1717 1316 1815 pi-

184 1851 280 1937 stici‚
313 1847 477 1949 pretiosi,
515 1862 552 1922 et
590 1848 696 1922 unxit
727 1847 840 1945 pedes
872 1846 968 1933 lesu,
1002 1859 1041 1920 ct
1067 1846 1224 1920 extersit
1254 1869 1319 1944 pe·

183 1979 249 2053 des
285 1977 363 2052 eins
399 1976 539 2074 capillis
572 1976 658 2050 suis:
693 1989 732 2049 ct
760 1975 889 2049 domus
909 1974 1133 2073 impletaest
1161 1997 1210 2047 ex
1229 1974 1319 2048 ndn-

185 2130 224 2180 re
260 2104 449 2202 unguenti.

292 2230 318 2306 i
345 2232 446 2306 Dixit
477 2257 563 2332 ergo
596 2257 689 2308 unus
708 2258 755 2308 ex
769 2231 955 2331 discipulis
983 2232 1076 2317 eius,
1095 2230 1320 2305 lndaslsca-

187 2364 313 2448 rietes,
345 2362 407 2459 qui
441 2374 521 2435 erat
553 2385 638 2436 eum
672 2361 885 2436 traditurus:

292 2485 466 2578 5Qunre
499 2491 568 2563 hoc
601 2503 825 2586 unguentum
854 2511 925 2562 nnn
968 2488 1104 2565 vaeniit
1146 2486 1321 2563 trecentis

188 2617 359 2703 denariis,
394 2629 433 2690 et
463 2618 589 2691 datum
620 2630 677 2693 est
714 2614 877 2716 egenis?

297 2737 605 2818 cursitantem
638 2746 720 2831 hoc,
758 2767 830 2818 nen
866 2743 950 2840 quia
979 2743 1023 2816 dc
1052 2743 1176 2839 egenis
1210 2742 1325 2840 perti·

190 2872 302 2947 nebat
338 2872 384 2946 nd
417 2896 515 2957 eum,
549 2873 613 2946 sed
645 2873 730 2970 qnia
760 2872 817 2946 fur
845 2883 938 2957 erat,
957 2869 1148 2945 etioeuios
1167 2869 1324 2959 habens,

191 3025 249 3088 ec,
268 3024 361 3100 quae
398 3000 652 3088 mittebantur,
685 3001 867 3100 portabat.

300 3121 326 3200 7
354 3127 453 3203 Dixit
479 3153 565 3226 ergo
593 3129 715 3203 lesus:
745 3127 859 3202 Sinite
887 3127 986 3202 illam
1014 3139 1056 3202 ut
1089 3127 1125 3200 in
1152 3126 1252 3200 diem
1273 3150 1329 3201 se·

195 3253 363 3354 pulturae
396 3280 499 3330 meae
537 3271 660 3330 servet
696 3254 797 3330 illud.

304 3375 330 3455 8
357 3380 540 3481 Pauperes
573 3382 671 3456 enim
704 3407 849 3482 semper
880 3383 1024 3458 habetis
1053 3383 1256 3458 vobiscum:
1273 3406 1329 3458 mc

198 3523 323 3585 autem
357 3536 429 3585 non
463 3535 606 3609 semper
643 3511 799 3587 habetis.

305 3631 330 3711 9
358 3637 537 3735 Cognovit
572 3661 659 3734 erge
693 3639 801 3714 turha
840 3638 955 3715 multa
983 3664 1031 3714 ex
1063 3638 1207 3715 ludaeis
1248 3641 1332 3739 quia

201 3764 275 3841 illie
305 3778 376 3841 est:
415 3778 453 3839 et
485 3779 676 3853 venerunt,
708 3791 780 3842 non
813 3782 963 3867 propter
1009 3768 1129 3843 lesum
1162 3780 1332 3857 tantum,

202 3893 268 3969 sed
303 3905 346 3966 ut
369 3892 546 3966 Lazarum
579 3893 757 3982 viderent,
785 3919 894 3993 quem
917 3895 1144 3972 suscitavita
1162 3895 1331 3972 mortuis.

312 4015 651 4119 recogitaverunt
700 4035 824 4098 antem
866 4023 1048 4124 principes
1101 4025 1333 4102 sacerdotum

205 4161 247 4225 ut
279 4161 317 4224 et
349 4148 523 4227 Lazarum
558 4151 823 4228 interficerent:
