2986 4912
175 307 237 375 212
516 330 545 376 n
568 330 704 378 rossana
726 331 975 379 consensumve

256 431 289 476 v.
308 408 359 476 32.
382 410 476 475 IIune
496 411 616 478 Christi
635 435 816 489 sermonem,
838 436 936 496 quem
957 415 1092 479 Ioannes
1112 434 1309 478 commemo·

168 512 243 589 rat,
259 513 327 593 ipse
347 512 477 592 quidem
497 514 531 576 in
549 514 677 576 nullam
697 516 855 594 evangelii
875 516 926 578 sui
946 516 1095 597 paginam
1115 515 1244 590 retulit,
1265 536 1314 578 ee·

178 613 243 689 teri
264 619 370 675 tamen
389 614 604 693 evangelistae
625 633 734 677 omnes
756 617 943 679 retulerunt
963 615 1079 680 Matth.
1102 614 1176 690 XX,
1191 612 1312 694 tnta,

180 711 283 776 Mare.
306 711 348 790 X,
367 708 488 794 aaut
502 712 582 777 Luc.
605 712 726 790 XVIII,
740 712 861 796 :tt-343
876 717 999 798 illeque
1019 722 1150 796 estque
1164 713 1314 780 Christus

180 811 341 892 praedixit
360 813 432 876 lore
460 819 500 877 nt
529 811 727 877 Iudaeorum
756 815 927 897 principes.
946 816 1053 897 ipsum
1072 812 1216 896 pentibus
1249 820 1315 878 tre·

177 913 291 976 derent
310 913 568 978 interimendum.

175 1052 179 1058 ›
257 1031 291 1077 v.
311 1010 362 1076 33.
384 1010 454 1077 Cnr
474 1012 598 1078 Pilatus
618 1015 663 1079 ita
686 1012 793 1078 Iesum
814 1015 1075 1098 Interrogarerit,
1090 1015 1253 1097 intelliges
1274 1037 1314 1080 ex

178 1112 259 1176 Lue.
274 1111 397 1192 XXIII,
411 1111 442 1178 2.
458 1112 544 1196 Lege
558 1112 628 1178 Lib.
646 1112 677 1176 II
692 1115 732 1178 de
746 1115 931 1198 Evangeliis
950 1114 1067 1181 Annot.
1091 1112 1312 1181 chxxvll.

259 1234 292 1277 v.
314 1213 365 1279 36.
388 1213 434 1276 De
447 1215 504 1276 ltoe
516 1216 647 1288 mundo,
664 1261 672 1277 .
685 1262 694 1279 .
707 1261 715 1277 .
730 1235 770 1278 ee
783 1217 839 1279 loe
853 1219 989 1290 munitm
1003 1223 1183 1297 utrumque
1198 1236 1314 1297 graeco

176 1322 228 1379 est
247 1313 282 1388 ἔκ
297 1339 353 1384 του
366 1338 492 1408 saeptos
506 1339 629 1384 τουτου.
650 1317 768 1381 Sensus
789 1325 838 1381 est
858 1316 979 1383 Christi
998 1337 1136 1399 regnum
1160 1337 1227 1382 non
1246 1338 1314 1383 esse

178 1439 282 1486 unum
301 1440 478 1503 regnorum
498 1441 584 1502 quae
604 1428 680 1486 sunt
699 1422 732 1486 in
753 1422 860 1485 terris.

261 1542 294 1586 v.
313 1521 365 1588 37.
391 1521 438 1586 Tu
458 1522 549 1585 dicia.
572 1521 662 1586 Ilaec
682 1523 736 1587 rel
756 1523 926 1587 affirmatio
946 1528 996 1587 est
1014 1523 1084 1586 eius
1111 1521 1200 1602 quod
1229 1519 1315 1584 Pila·

178 1630 231 1686 tus
252 1624 475 1706 interrogavit,
498 1625 552 1688 vel
573 1624 765 1705 isloqnendi
781 1625 909 1699 modus,
925 1624 1025 1704 vulgo
1040 1624 1191 1699 usitatus,
1207 1640 1312 1702 quum

180 1742 250 1787 rem
271 1726 304 1787 in
323 1726 429 1789 medio
451 1725 639 1805 relinquere
660 1724 825 1787 volumus.
847 1723 967 1790 Conler
986 1724 1102 1789 Matth.
1118 1720 1241 1799 XXVI,
1261 1719 1312 1785 25.

179 1822 216 1887 In
236 1827 324 1890 huno
343 1828 484 1891 alterum
505 1845 635 1889 sensnm
659 1843 698 1888 ee
718 1825 902 1906 accipienda
923 1845 992 1891 esse
1013 1825 1187 1900 videntur,
1210 1840 1316 1902 quum

179 1924 426 1993 Christusnihil
445 1928 606 1991 addiderit
626 1944 710 2008 quo,
734 1927 916 1992 cuiusmodi
937 1945 1075 2008 regnum
1093 1943 1191 1988 suum
1211 1929 1313 1999 esset,

178 2030 369 2111 explicaret.
392 2029 466 2095 Non
486 2036 596 2093 autem
616 2030 755 2106 oddidlt,
785 2030 862 2111 quia
883 2029 1079 2110 sperandum
1098 2044 1163 2089 non
1183 2031 1260 2089 erat
1279 2031 1314 2088 ut

172 2127 303 2194 Pilatus
322 2131 527 2211 intelligeret.
551 2129 675 2206 Quare,
686 2131 781 2194 missa
802 2128 990 2209 quaestione
1010 2127 1050 2190 de
1071 2143 1184 2206 regno,
1198 2124 1247 2200 id,
1262 2123 1315 2188 eui

177 2233 376 2313 assequendo
397 2231 495 2295 Pilati
515 2250 604 2294 mens
625 2249 687 2312 par
707 2236 810 2307 esset,
833 2229 1029 2311 respondet,
1050 2246 1089 2291 ao
1109 2226 1218 2290 verbis
1248 2243 1314 2288 ma·

175 2333 263 2396 xime
283 2334 521 2401 universalibus
546 2352 585 2396 ae
614 2333 818 2413 generalibus
848 2331 1071 2396 necessitatem
1098 2327 1234 2409 exponit
1261 2345 1313 2390 co-

176 2436 375 2517 gnoscendae
395 2437 553 2501 veritam.
578 2433 697 2499 Conler
711 2433 759 2497 Io·
773 2432 864 2510 XIX,
879 2431 910 2500 9.
922 2467 963 2481 -
976 2430 1042 2508 Qui
1054 2439 1100 2493 eat
1112 2448 1152 2491 ee
1164 2426 1310 2501 veritate,

74 2548 84 2562 ³
176 2536 234 2614 qni
253 2537 424 2600 veritatem
444 2537 698 2614 emat,veritetIs
718 2531 894 2599 studiosus.

257 2656 289 2702 v.
310 2635 361 2702 38.
385 2637 478 2714 Quae
497 2638 617 2702 veritas
638 2637 717 2718 quid
737 2643 840 2713 esset,
872 2635 999 2700 Pilatus
1018 2653 1078 2697 nee
1096 2632 1221 2697 sciebat
1250 2648 1308 2693 neo

168 2736 260 2799 *seire
280 2737 455 2800 admodum
476 2737 623 2800 curabat.
638 2736 709 2800 Hoc
729 2737 871 2801 alterum
892 2753 1006 2798 eanssa
1027 2734 1090 2802 luit
1109 2750 1173 2797 eur
1185 2731 1257 2809 ille,
1273 2736 1309 2795 ut

173 2836 206 2899 id
227 2835 336 2901 Iesum
355 2839 589 2919 interrogavit,
624 2856 816 2919 responsum
846 2855 950 2916 neque
975 2839 1187 2916 exspectans,
1220 2832 1308 2897 toras

171 2936 282 3002 iverit.

171 3060 174 3065 ·
254 3056 287 3100 v.
309 3035 360 3103 39.
381 3037 450 3103 Etsi
472 3036 606 3103 Ioannes
626 3041 707 3102 haee
727 3037 824 3101 Pilati
844 3037 944 3101 verba
972 3035 1081 3099 statim
1110 3041 1185 3115 post
1213 3051 1307 3113 snpe-

173 3138 263 3201 riora
283 3140 446 3216 retulerit,
469 3159 532 3203 non
553 3151 659 3204 tamen
680 3140 726 3203 eit
745 3141 854 3202 statim
875 3139 959 3202 dieta
980 3137 1100 3202 altillo
1119 3152 1201 3199 esse.
1223 3133 1305 3213 Nam

172 3236 258 3300 inter
276 3245 417 3320 utraque
437 3239 530 3304 loeus
552 3248 600 3303 est
620 3241 659 3305 iis
680 3258 767 3321 quae
787 3238 892 3305 Lucas
911 3244 1026 3305 narrat
1044 3238 1086 3302 de
1105 3235 1182 3302 Iesu
1209 3254 1230 3301 a
1258 3233 1306 3301 Pi·

163 3338 239 3404 lato
259 3341 301 3404 ad
321 3339 485 3407 Herodem
505 3342 602 3407 misso
618 3338 671 3420 (l).

583 3624 898 3680 -oQgffl—

167 4217 169 4223 s
238 4159 275 4228 u)
293 4162 357 4211 noe.
374 4159 475 4226 xxrn,
494 4156 586 4208 5-16.
694 4203 696 4207 ,
