2986 4912
166 311 228 381 208
514 333 545 380 rx
565 333 703 380 roxxuun
725 333 973 383 counnurxxnn

277 436 327 517 27
356 443 493 519 lterum
520 467 605 542 ergo
632 446 778 543 negavit
810 445 952 520 Petrus:
987 458 1025 522 et
1061 450 1188 524 statim
1227 454 1307 552 gal-

169 569 227 644 lus
253 574 425 647 cantavit.
1146 570 1149 575 ¹

274 692 327 773 28
355 698 545 775 Adducunt
564 723 648 799 ergo
668 701 787 775 lesum
809 725 829 774 a
848 700 984 799 Caipha
1004 702 1040 774 in
1065 707 1307 800 praetorium.

166 821 255 900 Erat
269 838 392 900 autem
408 850 526 902 manc:
544 841 581 901 et
602 827 669 924 ipsi
688 851 760 902 non
776 828 995 904 introierunt
1014 831 1049 902 in
1064 834 1307 927 praetorium,

166 967 208 1028 ut
234 978 306 1028 non
338 958 683 1039 contaminarentur,
703 958 766 1031 sed
786 971 828 1031 ut
843 959 1103 1034 manducarent
1122 960 1278 1038 Pascha.

271 1077 323 1158 29
351 1082 474 1158 Exivit
490 1109 575 1182 ergo
589 1084 728 1158 Pilatus
743 1085 788 1157 ad
803 1108 866 1159 eos
881 1085 992 1171 foras,
1013 1100 1051 1161 ct
1066 1088 1167 1164 dixit:
1184 1089 1306 1181 Quam

167 1212 432 1286 accusationem
456 1211 593 1286 affertis
622 1212 795 1286 adversus
827 1213 1011 1288 hominem
1039 1214 1165 1290 hunc'l

272 1334 323 1415 30
352 1340 642 1438 Responderunt,
658 1354 695 1416 et
709 1341 879 1416 dixerunt
902 1342 948 1415 ei:
978 1341 1016 1416 Si
1039 1367 1111 1416 non
1126 1358 1226 1423 esset
1245 1347 1306 1424 hic

166 1465 391 1550 malefactor,
420 1492 491 1541 non
521 1467 584 1541 tibi
608 1468 881 1543 tradidissemus
909 1492 1006 1543 eum.

273 1587 319 1667 31
352 1594 452 1668 Dixit
479 1620 564 1692 ergo
593 1595 645 1669 eis
672 1595 822 1670 Pilatus:
858 1595 1019 1694 Accipite
1053 1621 1137 1672 eum
1171 1616 1307 1687 vos,et

128 1754 131 1777 ι
166 1724 363 1798 secundum
391 1723 508 1820 legem
525 1737 686 1798 vestram
713 1725 868 1798 iudicate
889 1747 989 1798 eum.
1019 1723 1198 1802 Dixerunt
1216 1751 1306 1826 ergo

165 1851 199 1923 ei
222 1851 354 1925 ludaei:
382 1849 492 1925 Nobis
520 1875 591 1925 non
620 1852 706 1927 licet
726 1850 944 1926 interlicere
974 1876 1207 1951 quemquam.

271 1972 323 2053 32
351 1978 398 2052 Vt
426 2002 546 2053 sermo
574 1979 655 2054 lesu
679 1980 903 2077 impleretur,
923 2003 1031 2077 quem
1058 1981 1164 2068 dixit,
1193 1983 1308 2082 signi·

164 2107 276 2181 ficans
303 2131 371 2204 qua
405 2121 522 2182 morte
543 2121 640 2182 essct
669 2109 879 2182 moriturus.

270 2228 322 2310 33
350 2235 516 2310 Introivit
543 2260 628 2333 ergo
660 2236 793 2309 iterum
826 2237 862 2308 in
899 2237 1121 2334 praetorium
1148 2235 1305 2325 Pilatus,

164 2377 202 2437 et
222 2363 365 2437 vocavit
393 2362 527 2447 lesum,
561 2377 599 2437 et
626 2362 718 2436 dixit
737 2363 780 2437 ei:
817 2360 873 2436 Tu
897 2386 937 2436 es
964 2387 1031 2438 rex
1055 2363 1306 2441 ludaeomm?

269 2484 320 2565 3d
347 2491 548 2587 Respondit
566 2490 680 2565 lesus:
701 2489 733 2563 A
752 2491 948 2587 temetipso
976 2491 1044 2565 hoc
1059 2491 1161 2578 dicis,
1182 2516 1229 2566 an
1244 2494 1307 2567 alii

163 2617 332 2692 dixerunt
360 2617 426 2692 tibi
458 2618 502 2692 de
536 2615 631 2692 me?

269 2740 319 2821 35
347 2747 547 2845 Respondit
564 2747 715 2822 Pilatus:
731 2746 911 2845 Numquid
927 2770 994 2844 ego
1015 2747 1173 2821 Iudaeus
1198 2747 1305 2826 sum?

163 2873 259 2947 Gens
279 2889 353 2958 tua,
369 2887 407 2948 et
425 2874 613 2972 pontifices
633 2876 857 2950 tradiderunt
877 2887 914 2948 te
934 2874 1036 2946 mihi:
1054 2872 1304 2971 quidlecisti?

270 2993 321 3074 36
349 3002 549 3098 Respondit
581 3002 695 3077 lesus:
728 3002 895 3099 Regnum
924 3024 1046 3074 mcum
1079 3014 1229 3076 nonest
1258 3005 1303 3080 de

162 3128 230 3202 hoc
258 3131 404 3229 mundo.
434 3130 464 3203 si
478 3154 525 3204 ex
539 3131 608 3205 hoc
631 3131 765 3203 mundo
794 3144 892 3203 esset
911 3152 1064 3226 regnum
1079 3151 1216 3217 meum,
1232 3131 1303 3205 mi-

162 3257 505 3357 nistri‘meiutique
533 3261 761 3333 decertarent
790 3272 830 3334 ut
856 3282 928 3332 non
956 3259 1119 3333 traderer
1145 3258 1300 3335 ludaeis:

161 3410 255 3461 nunc
282 3401 404 3462 autem
431 3411 582 3484 regnum
611 3411 732 3461 meum
761 3411 832 3461 non
861 3402 918 3462 est
945 3387 1042 3461 hinc.

267 3508 317 3589 37
346 3515 445 3588 Dixit
472 3517 594 3612 itaque
614 3517 649 3588 ei
666 3514 817 3591 Pilatus:
835 3514 931 3612 Ergo
959 3539 1026 3588 rex
1054 3538 1094 3588 cs
1123 3511 1200 3590 tu?
1228 3515 1302 3590 Re-

161 3643 304 3741 spondit
331 3642 444 3717 lcsus:
467 3642 522 3718 Tu
544 3643 633 3717 dicis
661 3644 744 3741 quia
770 3667 838 3717 rex
866 3666 947 3717 sum
977 3667 1057 3740 ego.
1078 3640 1155 3740 Ego
1174 3641 1212 3715 in
1231 3643 1302 3719 hoc

160 3784 268 3844 natus
296 3795 390 3856 sum,
419 3784 457 3845 et
485 3759 613 3846 adhoc
628 3773 709 3845 veni
729 3772 765 3845 in
785 3772 973 3858 mundum,
989 3783 1029 3844 ut
1050 3770 1301 3845 testimonium

158 3898 370 3994 perhibeam
399 3899 556 3973 veritati:
586 3899 717 3984 omnis,
745 3899 806 3996 qni
835 3912 892 3972 cst
927 3923 973 3972 ex
1001 3898 1169 3984 veritate,
1199 3899 1300 3973 audit

90 4015 92 4020 ⁵
159 4047 287 4100 vocem
315 4047 449 4098 meam.

264 4145 316 4224 38
343 4150 439 4225 Dicit
465 4152 498 4226 ei
526 4151 676 4228 Pilatus:
703 4152 799 4253 ,Quid
842 4164 899 4226 est
936 4149 1103 4226 veritas?
1136 4151 1297 4234 Etcum
