<?xml version="1.0" encoding="UTF-8"?>
<!DOCTYPE html PUBLIC "-//W3C//DTD XHTML 1.0 Transitional//EN"
    "http://www.w3.org/TR/xhtml1/DTD/xhtml1-transitional.dtd">
<html xmlns="http://www.w3.org/1999/xhtml" xml:lang="en" lang="en">
 <head>
  <title>
</title>
<meta http-equiv="Content-Type" content="text/html;charset=utf-8" />
  <meta name='ocr-system' content='tesseract 3.04.00' />
  <meta name='ocr-capabilities' content='ocr_page ocr_carea ocr_par ocr_line ocrx_word'/>
</head>
<body>
  <div class='ocr_page' id='page_1' title='image "./franciscixaveri00patrgoog_0018.png"; bbox 0 0 2986 4912; ppageno 0'>
   <div class='ocr_carea' id='block_1_1' title="bbox 42 268 1247 4182">
    <p class='ocr_par' dir='ltr' id='par_1_1' title="bbox 448 268 1246 334">
     <span class='ocr_line' id='line_1_1' title="bbox 448 268 1246 334; baseline 0.008 -6"><span class='ocrx_word' id='word_1_1' title='bbox 448 308 451 317; x_wconf 58' lang='grc'>,</span> <span class='ocrx_word' id='word_1_2' title='bbox 556 281 658 329; x_wconf 77' lang='lat' dir='ltr'>carun</span> <span class='ocrx_word' id='word_1_3' title='bbox 681 281 802 330; x_wconf 77' lang='lat' dir='ltr'>rnrnvu</span> <span class='ocrx_word' id='word_1_4' title='bbox 1224 268 1246 334; x_wconf 81' lang='lat'><strong>3</strong></span> 
     </span>
    </p>

    <p class='ocr_par' dir='ltr' id='par_1_2' title="bbox 121 367 1247 472">
     <span class='ocr_line' id='line_1_2' title="bbox 121 367 1247 472; baseline 0.006 -29"><span class='ocrx_word' id='word_1_5' title='bbox 121 438 123 443; x_wconf 89' lang='lat'><em>.</em></span> <span class='ocrx_word' id='word_1_6' title='bbox 153 407 156 417; x_wconf 93' lang='lat'><em>·</em></span> <span class='ocrx_word' id='word_1_7' title='bbox 205 367 264 448; x_wconf 71' lang='lat'>26</span> <span class='ocrx_word' id='word_1_8' title='bbox 291 371 495 471; x_wconf 87' lang='lat' dir='ltr'>Respondit</span> <span class='ocrx_word' id='word_1_9' title='bbox 509 371 562 448; x_wconf 84' lang='lat' dir='ltr'>eie</span> <span class='ocrx_word' id='word_1_10' title='bbox 582 372 749 456; x_wconf 82' lang='lat' dir='ltr'>loannes,</span> <span class='ocrx_word' id='word_1_11' title='bbox 764 369 1184 472; x_wconf 72' lang='lat' dir='ltr'>uicenszugobaptizo</span> <span class='ocrx_word' id='word_1_12' title='bbox 1210 375 1247 450; x_wconf 93' lang='lat' dir='ltr'>in</span> 
     </span>
    </p>

    <p class='ocr_par' dir='ltr' id='par_1_3' title="bbox 107 500 1244 601">
     <span class='ocr_line' id='line_1_3' title="bbox 107 500 1244 601; baseline 0.002 -26"><span class='ocrx_word' id='word_1_13' title='bbox 107 523 211 601; x_wconf 79' lang='lat' dir='ltr'>aqua:</span> <span class='ocrx_word' id='word_1_14' title='bbox 239 500 382 574; x_wconf 87' lang='lat' dir='ltr'>medius</span> <span class='ocrx_word' id='word_1_15' title='bbox 398 507 528 573; x_wconf 84' lang='lat' dir='ltr'>&#39;autem</span> <span class='ocrx_word' id='word_1_16' title='bbox 548 513 711 574; x_wconf 85' lang='lat' dir='ltr'>vestrum</span> <span class='ocrx_word' id='word_1_17' title='bbox 732 503 849 588; x_wconf 88' lang='lat' dir='ltr'>stetit,</span> <span class='ocrx_word' id='word_1_18' title='bbox 869 526 977 601; x_wconf 92' lang='lat' dir='ltr'>quem</span> <span class='ocrx_word' id='word_1_19' title='bbox 997 526 1063 576; x_wconf 86' lang='lat' dir='ltr'>vas</span> <span class='ocrx_word' id='word_1_20' title='bbox 1081 503 1244 579; x_wconf 86' lang='lat' dir='ltr'>nescitis.</span> 
     </span>
    </p>

    <p class='ocr_par' dir='ltr' id='par_1_4' title="bbox 135 623 1244 728">
     <span class='ocr_line' id='line_1_4' title="bbox 135 623 1244 728; baseline 0.003 -25"><span class='ocrx_word' id='word_1_21' title='bbox 135 690 137 694; x_wconf 58' lang='grc'><strong>,</strong></span> <span class='ocrx_word' id='word_1_22' title='bbox 212 623 264 703; x_wconf 74' lang='lat'>27</span> <span class='ocrx_word' id='word_1_23' title='bbox 293 629 375 726; x_wconf 89' lang='lat' dir='ltr'>lpse</span> <span class='ocrx_word' id='word_1_24' title='bbox 395 641 465 713; x_wconf 89' lang='lat' dir='ltr'>est,</span> <span class='ocrx_word' id='word_1_25' title='bbox 484 626 545 725; x_wconf 88' lang='lat' dir='ltr'>qui</span> <span class='ocrx_word' id='word_1_26' title='bbox 573 639 658 725; x_wconf 89' lang='lat' dir='ltr'>post</span> <span class='ocrx_word' id='word_1_27' title='bbox 677 650 736 701; x_wconf 94' lang='lat' dir='ltr'>me</span> <span class='ocrx_word' id='word_1_28' title='bbox 764 642 940 704; x_wconf 82' lang='lat' dir='ltr'>venturus</span> <span class='ocrx_word' id='word_1_29' title='bbox 969 641 1040 715; x_wconf 89' lang='lat' dir='ltr'>est,</span> <span class='ocrx_word' id='word_1_30' title='bbox 1057 631 1141 728; x_wconf 84' lang='lat' dir='ltr'>qui.</span> <span class='ocrx_word' id='word_1_31' title='bbox 1159 646 1244 706; x_wconf 93' lang='lat' dir='ltr'>ante</span> 
     </span>
    </p>

    <p class='ocr_par' dir='ltr' id='par_1_5' title="bbox 106 755 1245 981">
     <span class='ocr_line' id='line_1_5' title="bbox 106 755 1245 855; baseline 0.002 -25"><span class='ocrx_word' id='word_1_32' title='bbox 106 779 166 830; x_wconf 90' lang='lat' dir='ltr'>me</span> <span class='ocrx_word' id='word_1_33' title='bbox 194 755 314 831; x_wconf 85' lang='lat' dir='ltr'>factus</span> <span class='ocrx_word' id='word_1_34' title='bbox 340 769 420 830; x_wconf 83' lang='lat' dir='ltr'>est:</span> <span class='ocrx_word' id='word_1_35' title='bbox 448 755 551 829; x_wconf 90' lang='lat' dir='ltr'>cuius</span> <span class='ocrx_word' id='word_1_36' title='bbox 575 778 643 852; x_wconf 81' lang='lat' dir='ltr'>ega</span> <span class='ocrx_word' id='word_1_37' title='bbox 669 779 741 831; x_wconf 90' lang='lat' dir='ltr'>uon</span> <span class='ocrx_word' id='word_1_38' title='bbox 769 780 851 830; x_wconf 92' lang='lat' dir='ltr'>sum</span> <span class='ocrx_word' id='word_1_39' title='bbox 880 757 1009 855; x_wconf 76' lang='lat' dir='ltr'>dignus</span> <span class='ocrx_word' id='word_1_40' title='bbox 1037 772 1078 832; x_wconf 93' lang='lat' dir='ltr'>ut</span> <span class='ocrx_word' id='word_1_41' title='bbox 1106 758 1245 832; x_wconf 78' lang='lat' dir='ltr'>solvam</span> 
     </span>
     <span class='ocr_line' id='line_1_6' title="bbox 106 881 668 981; baseline -0.002 -23"><span class='ocrx_word' id='word_1_42' title='bbox 106 884 185 958; x_wconf 90' lang='lat' dir='ltr'>eius</span> <span class='ocrx_word' id='word_1_43' title='bbox 213 883 386 981; x_wconf 83' lang='lat' dir='ltr'>corigiam</span> <span class='ocrx_word' id='word_1_44' title='bbox 415 881 668 957; x_wconf 77' lang='lat' dir='ltr'><strong>calceamenti.</strong></span> 
     </span>
    </p>

    <p class='ocr_par' dir='ltr' id='par_1_6' title="bbox 108 1003 1244 1234">
     <span class='ocr_line' id='line_1_7' title="bbox 208 1003 1244 1099; baseline 0.003 -14"><span class='ocrx_word' id='word_1_45' title='bbox 208 1003 266 1085; x_wconf 72' lang='grc' dir='ltr'>Ι28</span> <span class='ocrx_word' id='word_1_46' title='bbox 293 1007 392 1084; x_wconf 89' lang='lat' dir='ltr'>Haec</span> <span class='ocrx_word' id='word_1_47' title='bbox 419 1010 456 1082; x_wconf 94' lang='lat' dir='ltr'>in</span> <span class='ocrx_word' id='word_1_48' title='bbox 484 1009 664 1084; x_wconf 81' lang='lat' dir='ltr'>Bethania</span> <span class='ocrx_word' id='word_1_49' title='bbox 686 1009 789 1084; x_wconf 52' lang='lat' dir='ltr'>‘facta</span> <span class='ocrx_word' id='word_1_50' title='bbox 809 1025 895 1085; x_wconf 89' lang='lat' dir='ltr'>sunt</span> <span class='ocrx_word' id='word_1_51' title='bbox 919 1025 1020 1086; x_wconf 89' lang='lat' dir='ltr'>trans</span> <span class='ocrx_word' id='word_1_52' title='bbox 1040 1012 1244 1099; x_wconf 79' lang='lat' dir='ltr'><strong>Iordanem,</strong></span> 
     </span>
     <span class='ocr_line' id='line_1_8' title="bbox 108 1136 932 1234; baseline 0 -22"><span class='ocrx_word' id='word_1_53' title='bbox 108 1136 171 1212; x_wconf 92' lang='lat' dir='ltr'>ubi</span> <span class='ocrx_word' id='word_1_54' title='bbox 200 1150 280 1212; x_wconf 85' lang='lat' dir='ltr'>erat</span> <span class='ocrx_word' id='word_1_55' title='bbox 307 1137 463 1211; x_wconf 86' lang='lat' dir='ltr'>loannes</span> <span class='ocrx_word' id='word_1_56' title='bbox 490 1136 694 1234; x_wconf 88' lang='lat' dir='ltr'>baptizans.</span> <span class='ocrx_word' id='word_1_57' title='bbox 930 1143 932 1146; x_wconf 72' lang='grc'>’</span> 
     </span>
    </p>

    <p class='ocr_par' dir='ltr' id='par_1_7' title="bbox 108 1257 1245 1491">
     <span class='ocr_line' id='line_1_9' title="bbox 214 1257 1245 1355; baseline 0.005 -16"><span class='ocrx_word' id='word_1_58' title='bbox 214 1257 268 1339; x_wconf 75' lang='grc'>29</span> <span class='ocrx_word' id='word_1_59' title='bbox 282 1261 409 1339; x_wconf 84' lang='lat' dir='ltr'>Altera</span> <span class='ocrx_word' id='word_1_60' title='bbox 429 1264 486 1339; x_wconf 91' lang='lat' dir='ltr'>die</span> <span class='ocrx_word' id='word_1_61' title='bbox 501 1264 592 1338; x_wconf 87' lang='lat' dir='ltr'>vidit</span> <span class='ocrx_word' id='word_1_62' title='bbox 602 1264 754 1339; x_wconf 87' lang='lat' dir='ltr'>loannes</span> <span class='ocrx_word' id='word_1_63' title='bbox 770 1266 891 1339; x_wconf 93' lang='lat' dir='ltr'>lesum</span> <span class='ocrx_word' id='word_1_64' title='bbox 907 1266 1114 1341; x_wconf 92' lang='lat' dir='ltr'>venientem</span> <span class='ocrx_word' id='word_1_65' title='bbox 1132 1268 1245 1355; x_wconf 89' lang='lat' dir='ltr'>adse,</span> 
     </span>
     <span class='ocr_line' id='line_1_10' title="bbox 108 1391 1244 1491; baseline 0.002 -26"><span class='ocrx_word' id='word_1_66' title='bbox 108 1403 150 1467; x_wconf 79' lang='lat' dir='ltr'>at.</span> <span class='ocrx_word' id='word_1_67' title='bbox 163 1392 227 1466; x_wconf 80' lang='lat' dir='ltr'>ait:</span> <span class='ocrx_word' id='word_1_68' title='bbox 246 1391 341 1467; x_wconf 77' lang='lat' dir='ltr'>Ecce</span> <span class='ocrx_word' id='word_1_69' title='bbox 361 1391 575 1490; x_wconf 72' lang='lat' dir='ltr'>agnusue,</span> <span class='ocrx_word' id='word_1_70' title='bbox 595 1415 678 1466; x_wconf 89' lang='lat' dir='ltr'>ecce</span> <span class='ocrx_word' id='word_1_71' title='bbox 698 1393 760 1490; x_wconf 92' lang='lat' dir='ltr'>qui</span> <span class='ocrx_word' id='word_1_72' title='bbox 780 1392 875 1467; x_wconf 87' lang='lat' dir='ltr'>tollit</span> <span class='ocrx_word' id='word_1_73' title='bbox 894 1408 1086 1491; x_wconf 89' lang='lat' dir='ltr'>peccatum</span> <span class='ocrx_word' id='word_1_74' title='bbox 1105 1398 1244 1470; x_wconf 91' lang='lat' dir='ltr'>mundi.</span> 
     </span>
    </p>

    <p class='ocr_par' dir='ltr' id='par_1_8' title="bbox 106 1514 1245 1745">
     <span class='ocr_line' id='line_1_11' title="bbox 215 1514 1245 1622; baseline 0.004 -28"><span class='ocrx_word' id='word_1_75' title='bbox 215 1514 268 1595; x_wconf 85' lang='lat'>30</span> <span class='ocrx_word' id='word_1_76' title='bbox 295 1518 362 1594; x_wconf 89' lang='lat' dir='ltr'>Hic</span> <span class='ocrx_word' id='word_1_77' title='bbox 391 1533 461 1606; x_wconf 87' lang='lat' dir='ltr'>est,</span> <span class='ocrx_word' id='word_1_78' title='bbox 490 1521 534 1593; x_wconf 90' lang='lat' dir='ltr'>de</span> <span class='ocrx_word' id='word_1_79' title='bbox 562 1543 633 1617; x_wconf 91' lang='lat' dir='ltr'>quo</span> <span class='ocrx_word' id='word_1_80' title='bbox 662 1521 749 1594; x_wconf 84' lang='lat' dir='ltr'>dixi:</span> <span class='ocrx_word' id='word_1_81' title='bbox 770 1519 859 1595; x_wconf 83' lang='lat' dir='ltr'><strong>Post</strong></span> <span class='ocrx_word' id='word_1_82' title='bbox 887 1545 946 1595; x_wconf 92' lang='lat' dir='ltr'>me</span> <span class='ocrx_word' id='word_1_83' title='bbox 980 1523 1080 1596; x_wconf 87' lang='lat' dir='ltr'>venit</span> <span class='ocrx_word' id='word_1_84' title='bbox 1099 1523 1245 1622; x_wconf 86' lang='lat' dir='ltr'>vir,qui</span> 
     </span>
     <span class='ocr_line' id='line_1_12' title="bbox 106 1648 980 1745; baseline 0.003 -25"><span class='ocrx_word' id='word_1_85' title='bbox 106 1659 192 1722; x_wconf 90' lang='lat' dir='ltr'>ante</span> <span class='ocrx_word' id='word_1_86' title='bbox 220 1671 280 1723; x_wconf 87' lang='lat' dir='ltr'>me</span> <span class='ocrx_word' id='word_1_87' title='bbox 309 1648 428 1723; x_wconf 90' lang='lat' dir='ltr'>factus</span> <span class='ocrx_word' id='word_1_88' title='bbox 456 1655 525 1722; x_wconf 84' lang='lat' dir='ltr'>est:</span> <span class='ocrx_word' id='word_1_89' title='bbox 555 1648 640 1745; x_wconf 89' lang='lat' dir='ltr'>quia</span> <span class='ocrx_word' id='word_1_90' title='bbox 667 1649 766 1745; x_wconf 89' lang='lat' dir='ltr'>prior</span> <span class='ocrx_word' id='word_1_91' title='bbox 798 1673 857 1723; x_wconf 94' lang='lat' dir='ltr'>me</span> <span class='ocrx_word' id='word_1_92' title='bbox 886 1662 980 1723; x_wconf 90' lang='lat' dir='ltr'>erat.</span> 
     </span>
    </p>

    <p class='ocr_par' dir='ltr' id='par_1_9' title="bbox 105 1768 1246 2003">
     <span class='ocr_line' id='line_1_13' title="bbox 212 1768 1246 1874; baseline 0.003 -24"><span class='ocrx_word' id='word_1_93' title='bbox 212 1768 260 1850; x_wconf 86' lang='lat'>31</span> <span class='ocrx_word' id='word_1_94' title='bbox 293 1775 342 1850; x_wconf 89' lang='lat' dir='ltr'>Et</span> <span class='ocrx_word' id='word_1_95' title='bbox 356 1800 424 1874; x_wconf 82' lang='lat' dir='ltr'>ego</span> <span class='ocrx_word' id='word_1_96' title='bbox 438 1777 648 1851; x_wconf 83' lang='lat' dir='ltr'>nesciebam</span> <span class='ocrx_word' id='word_1_97' title='bbox 663 1778 837 1862; x_wconf 91' lang='lat' dir='ltr'>eum‚sed</span> <span class='ocrx_word' id='word_1_98' title='bbox 861 1791 902 1854; x_wconf 91' lang='lat' dir='ltr'>ut</span> <span class='ocrx_word' id='word_1_99' title='bbox 925 1777 1181 1853; x_wconf 82' lang='lat' dir='ltr'>manifestetur</span> <span class='ocrx_word' id='word_1_100' title='bbox 1209 1780 1246 1853; x_wconf 90' lang='lat' dir='ltr'>in</span> 
     </span>
     <span class='ocr_line' id='line_1_14' title="bbox 105 1903 1082 2003; baseline 0.002 -27"><span class='ocrx_word' id='word_1_101' title='bbox 105 1903 458 2002; x_wconf 63' lang='lat' dir='ltr'>laracl‚,-pr0pterea</span> <span class='ocrx_word' id='word_1_102' title='bbox 486 1905 569 1978; x_wconf 85' lang='lat' dir='ltr'>veni</span> <span class='ocrx_word' id='word_1_103' title='bbox 597 1927 664 2001; x_wconf 84' lang='lat' dir='ltr'>ego</span> <span class='ocrx_word' id='word_1_104' title='bbox 693 1905 729 1977; x_wconf 94' lang='lat' dir='ltr'>iu</span> <span class='ocrx_word' id='word_1_105' title='bbox 757 1929 851 2003; x_wconf 86' lang='lat' dir='ltr'>aqna</span> <span class='ocrx_word' id='word_1_106' title='bbox 878 1905 1082 2003; x_wconf 88' lang='lat' dir='ltr'>baptizans.</span> 
     </span>
    </p>

    <p class='ocr_par' dir='ltr' id='par_1_10' title="bbox 103 2024 1245 2384">
     <span class='ocr_line' id='line_1_15' title="bbox 214 2024 1243 2129; baseline 0 -23"><span class='ocrx_word' id='word_1_107' title='bbox 214 2024 266 2106; x_wconf 71' lang='lat'>32</span> <span class='ocrx_word' id='word_1_108' title='bbox 295 2031 343 2107; x_wconf 86' lang='lat' dir='ltr'>Et</span> <span class='ocrx_word' id='word_1_109' title='bbox 378 2031 629 2106; x_wconf 85' lang='lat' dir='ltr'>testimonium</span> <span class='ocrx_word' id='word_1_110' title='bbox 665 2031 850 2129; x_wconf 82' lang='lat' dir='ltr'>perhibuit</span> <span class='ocrx_word' id='word_1_111' title='bbox 884 2031 1060 2117; x_wconf 87' lang='lat' dir='ltr'>loannes,</span> <span class='ocrx_word' id='word_1_112' title='bbox 1096 2032 1243 2107; x_wconf 84' lang='lat' dir='ltr'>dicens:</span> 
     </span>
     <span class='ocr_line' id='line_1_16' title="bbox 106 2155 1245 2258; baseline 0.004 -27"><span class='ocrx_word' id='word_1_113' title='bbox 106 2155 200 2247; x_wconf 83' lang='lat' dir='ltr'>Quia</span> <span class='ocrx_word' id='word_1_114' title='bbox 226 2159 301 2233; x_wconf 87' lang='lat' dir='ltr'>vidi</span> <span class='ocrx_word' id='word_1_115' title='bbox 328 2159 503 2257; x_wconf 88' lang='lat' dir='ltr'>Spiritum</span> <span class='ocrx_word' id='word_1_116' title='bbox 533 2159 816 2233; x_wconf 87' lang='lat' dir='ltr'>descendentem</span> <span class='ocrx_word' id='word_1_117' title='bbox 845 2161 949 2258; x_wconf 91' lang='lat' dir='ltr'>quasi</span> <span class='ocrx_word' id='word_1_118' title='bbox 969 2159 1176 2235; x_wconf 79' lang='lat' dir='ltr'>columbam</span> <span class='ocrx_word' id='word_1_119' title='bbox 1200 2160 1245 2235; x_wconf 93' lang='lat' dir='ltr'>de</span> 
     </span>
     <span class='ocr_line' id='line_1_17' title="bbox 103 2285 716 2384; baseline -0.003 -22"><span class='ocrx_word' id='word_1_120' title='bbox 103 2285 224 2371; x_wconf 82' lang='lat' dir='ltr'>caelu,</span> <span class='ocrx_word' id='word_1_121' title='bbox 253 2300 291 2361; x_wconf 89' lang='lat' dir='ltr'>et</span> <span class='ocrx_word' id='word_1_122' title='bbox 318 2287 454 2362; x_wconf 90' lang='lat' dir='ltr'>mansit</span> <span class='ocrx_word' id='word_1_123' title='bbox 481 2311 590 2384; x_wconf 90' lang='lat' dir='ltr'>super</span> <span class='ocrx_word' id='word_1_124' title='bbox 618 2310 716 2361; x_wconf 90' lang='lat' dir='ltr'>eam.</span> 
     </span>
    </p>

    <p class='ocr_par' dir='ltr' id='par_1_11' title="bbox 42 2408 1246 2899">
     <span class='ocr_line' id='line_1_18' title="bbox 214 2408 1243 2513; baseline 0.001 -25"><span class='ocrx_word' id='word_1_125' title='bbox 214 2408 265 2488; x_wconf 82' lang='lat'>33</span> <span class='ocrx_word' id='word_1_126' title='bbox 294 2414 342 2488; x_wconf 89' lang='lat' dir='ltr'>Et</span> <span class='ocrx_word' id='word_1_127' title='bbox 369 2426 436 2513; x_wconf 81' lang='lat' dir='ltr'>ego</span> <span class='ocrx_word' id='word_1_128' title='bbox 472 2416 681 2489; x_wconf 90' lang='lat' dir='ltr'>nesciebam</span> <span class='ocrx_word' id='word_1_129' title='bbox 715 2438 830 2489; x_wconf 91' lang='lat' dir='ltr'>eum:</span> <span class='ocrx_word' id='word_1_130' title='bbox 861 2416 925 2489; x_wconf 90' lang='lat' dir='ltr'>sed</span> <span class='ocrx_word' id='word_1_131' title='bbox 956 2416 1018 2512; x_wconf 92' lang='lat' dir='ltr'>qui</span> <span class='ocrx_word' id='word_1_132' title='bbox 1057 2415 1161 2489; x_wconf 89' lang='lat' dir='ltr'>misit</span> <span class='ocrx_word' id='word_1_133' title='bbox 1185 2439 1243 2489; x_wconf 89' lang='lat' dir='ltr'>me</span> 
     </span>
     <span class='ocr_line' id='line_1_19' title="bbox 42 2540 1246 2641; baseline 0.002 -28"><span class='ocrx_word' id='word_1_134' title='bbox 42 2588 45 2593; x_wconf 91' lang='lat'><em>-</em></span> <span class='ocrx_word' id='word_1_135' title='bbox 108 2540 295 2639; x_wconf 86' lang='lat' dir='ltr'>baptizare</span> <span class='ocrx_word' id='word_1_136' title='bbox 322 2543 359 2615; x_wconf 96' lang='lat' dir='ltr'>in</span> <span class='ocrx_word' id='word_1_137' title='bbox 379 2567 486 2640; x_wconf 89' lang='lat' dir='ltr'>aqua,</span> <span class='ocrx_word' id='word_1_138' title='bbox 509 2543 569 2618; x_wconf 90' lang='lat' dir='ltr'>ille</span> <span class='ocrx_word' id='word_1_139' title='bbox 597 2542 688 2617; x_wconf 91' lang='lat' dir='ltr'>mihi</span> <span class='ocrx_word' id='word_1_140' title='bbox 715 2544 824 2617; x_wconf 87' lang='lat' dir='ltr'>dixit:</span> <span class='ocrx_word' id='word_1_141' title='bbox 848 2542 965 2641; x_wconf 88' lang='lat' dir='ltr'>Super</span> <span class='ocrx_word' id='word_1_142' title='bbox 983 2543 1246 2640; x_wconf 76' lang='lat' dir='ltr'>quem&#39;videris</span> 
     </span>
     <span class='ocr_line' id='line_1_20' title="bbox 109 2668 1246 2768; baseline 0.005 -26"><span class='ocrx_word' id='word_1_143' title='bbox 109 2668 285 2766; x_wconf 89' lang='lat' dir='ltr'>Spiritum</span> <span class='ocrx_word' id='word_1_144' title='bbox 313 2672 609 2758; x_wconf 89' lang='lat' dir='ltr'>descendentem,</span> <span class='ocrx_word' id='word_1_145' title='bbox 629 2686 667 2746; x_wconf 89' lang='lat' dir='ltr'>et</span> <span class='ocrx_word' id='word_1_146' title='bbox 686 2685 896 2745; x_wconf 90' lang='lat' dir='ltr'>manentem</span> <span class='ocrx_word' id='word_1_147' title='bbox 921 2694 1031 2768; x_wconf 91' lang='lat' dir='ltr'>super</span> <span class='ocrx_word' id='word_1_148' title='bbox 1059 2694 1157 2755; x_wconf 89' lang='lat' dir='ltr'>eum,</span> <span class='ocrx_word' id='word_1_149' title='bbox 1185 2670 1246 2752; x_wconf 88' lang='lat' dir='ltr'>hic</span> 
     </span>
     <span class='ocr_line' id='line_1_21' title="bbox 108 2800 860 2899; baseline 0 -28"><span class='ocrx_word' id='word_1_150' title='bbox 108 2811 181 2882; x_wconf 89' lang='lat' dir='ltr'>est,</span> <span class='ocrx_word' id='word_1_151' title='bbox 209 2800 272 2898; x_wconf 90' lang='lat' dir='ltr'>qui</span> <span class='ocrx_word' id='word_1_152' title='bbox 298 2800 463 2899; x_wconf 88' lang='lat' dir='ltr'>baptizat</span> <span class='ocrx_word' id='word_1_153' title='bbox 491 2801 527 2873; x_wconf 91' lang='lat' dir='ltr'>in</span> <span class='ocrx_word' id='word_1_154' title='bbox 555 2801 692 2898; x_wconf 81' lang='lat' dir='ltr'>Spiritu</span> <span class='ocrx_word' id='word_1_155' title='bbox 720 2813 860 2874; x_wconf 91' lang='lat' dir='ltr'>sancto.</span> 
     </span>
    </p>

    <p class='ocr_par' dir='ltr' id='par_1_12' title="bbox 108 2906 1246 3129">
     <span class='ocr_line' id='line_1_22' title="bbox 215 2906 1246 3026; baseline 0.001 -26"><span class='ocrx_word' id='word_1_156' title='bbox 215 2920 268 3000; x_wconf 73' lang='lat' dir='ltr'>Sl</span> <span class='ocrx_word' id='word_1_157' title='bbox 296 2927 344 3001; x_wconf 87' lang='lat' dir='ltr'>Et</span> <span class='ocrx_word' id='word_1_158' title='bbox 380 2952 448 3026; x_wconf 82' lang='lat' dir='ltr'>ego</span> <span class='ocrx_word' id='word_1_159' title='bbox 480 2906 580 3002; x_wconf 75' lang='lat' dir='ltr'>lidi:</span> <span class='ocrx_word' id='word_1_160' title='bbox 616 2941 654 3002; x_wconf 91' lang='lat' dir='ltr'>et</span> <span class='ocrx_word' id='word_1_161' title='bbox 681 2927 933 3001; x_wconf 86' lang='lat' dir='ltr'>testimonium</span> <span class='ocrx_word' id='word_1_162' title='bbox 961 2926 1129 3023; x_wconf 90' lang='lat' dir='ltr'>perhibui</span> <span class='ocrx_word' id='word_1_163' title='bbox 1148 2926 1246 3024; x_wconf 69' lang='lat' dir='ltr'>ssq&#39;bia</span> 
     </span>
     <span class='ocr_line' id='line_1_23' title="bbox 108 3053 1209 3129; baseline 0.002 -3"><span class='ocrx_word' id='word_1_164' title='bbox 108 3053 167 3128; x_wconf 91' lang='lat' dir='ltr'>hic</span> <span class='ocrx_word' id='word_1_165' title='bbox 187 3068 245 3128; x_wconf 90' lang='lat' dir='ltr'>est</span> <span class='ocrx_word' id='word_1_166' title='bbox 272 3054 384 3129; x_wconf 87' lang='lat' dir='ltr'>Filius</span> <span class='ocrx_word' id='word_1_167' title='bbox 412 3055 491 3128; x_wconf 82' lang='lat' dir='ltr'>llei.</span> <span class='ocrx_word' id='word_1_168' title='bbox 1207 3063 1209 3067; x_wconf 69' lang='lat'>‘</span> 
     </span>
    </p>

    <p class='ocr_par' dir='ltr' id='par_1_13' title="bbox 107 3176 1246 3408">
     <span class='ocr_line' id='line_1_24' title="bbox 215 3176 1246 3266; baseline -0.004 -10"><span class='ocrx_word' id='word_1_169' title='bbox 215 3176 266 3258; x_wconf 84' lang='lat'>35</span> <span class='ocrx_word' id='word_1_170' title='bbox 294 3183 420 3259; x_wconf 85' lang='lat' dir='ltr'>Altera</span> <span class='ocrx_word' id='word_1_171' title='bbox 448 3183 506 3258; x_wconf 90' lang='lat' dir='ltr'>die</span> <span class='ocrx_word' id='word_1_172' title='bbox 533 3184 667 3259; x_wconf 91' lang='lat' dir='ltr'>iterum</span> <span class='ocrx_word' id='word_1_173' title='bbox 695 3182 817 3258; x_wconf 87' lang='lat' dir='ltr'>stabat</span> <span class='ocrx_word' id='word_1_174' title='bbox 849 3182 1021 3266; x_wconf 55' lang='lat' dir='ltr'>loannem</span> <span class='ocrx_word' id='word_1_175' title='bbox 1038 3191 1163 3252; x_wconf 83' lang='lat' dir='ltr'>etex</span> <span class='ocrx_word' id='word_1_176' title='bbox 1191 3179 1246 3253; x_wconf 94' lang='lat' dir='ltr'>di-</span> 
     </span>
     <span class='ocr_line' id='line_1_25' title="bbox 107 3308 474 3408; baseline 0 -26"><span class='ocrx_word' id='word_1_177' title='bbox 107 3308 256 3408; x_wconf 88' lang='lat' dir='ltr'>scipulis</span> <span class='ocrx_word' id='word_1_178' title='bbox 284 3311 362 3385; x_wconf 90' lang='lat' dir='ltr'>eius</span> <span class='ocrx_word' id='word_1_179' title='bbox 389 3312 474 3386; x_wconf 88' lang='lat' dir='ltr'>duc.</span> 
     </span>
    </p>

    <p class='ocr_par' dir='ltr' id='par_1_14' title="bbox 106 3433 1243 3662">
     <span class='ocr_line' id='line_1_26' title="bbox 172 3433 1243 3539; baseline -0.007 -24"><span class='ocrx_word' id='word_1_180' title='bbox 172 3486 181 3507; x_wconf 61' lang='grc' dir='ltr'>ι</span> <span class='ocrx_word' id='word_1_181' title='bbox 212 3435 264 3515; x_wconf 84' lang='grc'>36</span> <span class='ocrx_word' id='word_1_182' title='bbox 292 3439 340 3515; x_wconf 86' lang='lat' dir='ltr'>Et</span> <span class='ocrx_word' id='word_1_183' title='bbox 353 3440 552 3539; x_wconf 90' lang='lat' dir='ltr'>respiciens</span> <span class='ocrx_word' id='word_1_184' title='bbox 572 3440 693 3514; x_wconf 91' lang='lat' dir='ltr'>lesum</span> <span class='ocrx_word' id='word_1_185' title='bbox 713 3438 978 3523; x_wconf 88' lang='lat' dir='ltr'>ambulantem,</span> <span class='ocrx_word' id='word_1_186' title='bbox 1009 3436 1114 3511; x_wconf 85' lang='lat' dir='ltr'>dixit:</span> <span class='ocrx_word' id='word_1_187' title='bbox 1149 3433 1243 3508; x_wconf 85' lang='lat' dir='ltr'>Ecce</span> 
     </span>
     <span class='ocr_line' id='line_1_27' title="bbox 106 3567 329 3662; baseline 0 -23"><span class='ocrx_word' id='word_1_188' title='bbox 106 3590 222 3662; x_wconf 79' lang='lat' dir='ltr'>agnus</span> <span class='ocrx_word' id='word_1_189' title='bbox 251 3567 329 3641; x_wconf 89' lang='lat' dir='ltr'>Dei.</span> 
     </span>
    </p>

    <p class='ocr_par' dir='ltr' id='par_1_15' title="bbox 102 3689 1243 3900">
     <span class='ocr_line' id='line_1_28' title="bbox 211 3689 1243 3791; baseline -0.007 -21"><span class='ocrx_word' id='word_1_190' title='bbox 211 3689 261 3770; x_wconf 80' lang='lat'>37</span> <span class='ocrx_word' id='word_1_191' title='bbox 290 3695 339 3770; x_wconf 87' lang='lat' dir='ltr'>Et</span> <span class='ocrx_word' id='word_1_192' title='bbox 371 3696 564 3770; x_wconf 90' lang='lat' dir='ltr'>audierunt</span> <span class='ocrx_word' id='word_1_193' title='bbox 595 3719 677 3769; x_wconf 93' lang='lat' dir='ltr'>eum</span> <span class='ocrx_word' id='word_1_194' title='bbox 707 3696 778 3770; x_wconf 92' lang='lat' dir='ltr'>duo</span> <span class='ocrx_word' id='word_1_195' title='bbox 812 3693 980 3791; x_wconf 90' lang='lat' dir='ltr'>discipuli</span> <span class='ocrx_word' id='word_1_196' title='bbox 1007 3691 1243 3789; x_wconf 86' lang='lat' dir='ltr'>loquentem,</span> 
     </span>
     <span class='ocr_line' id='line_1_29' title="bbox 102 3825 555 3900; baseline 0.004 -4"><span class='ocrx_word' id='word_1_197' title='bbox 102 3839 140 3898; x_wconf 87' lang='lat' dir='ltr'>et</span> <span class='ocrx_word' id='word_1_198' title='bbox 159 3825 276 3898; x_wconf 88' lang='lat' dir='ltr'>secuti</span> <span class='ocrx_word' id='word_1_199' title='bbox 305 3839 391 3900; x_wconf 91' lang='lat' dir='ltr'>sunt</span> <span class='ocrx_word' id='word_1_200' title='bbox 419 3826 555 3900; x_wconf 90' lang='lat' dir='ltr'>lesum.</span> 
     </span>
    </p>

    <p class='ocr_par' dir='ltr' id='par_1_16' title="bbox 102 3947 1243 4182">
     <span class='ocr_line' id='line_1_30' title="bbox 210 3947 1243 4047; baseline -0.006 -20"><span class='ocrx_word' id='word_1_201' title='bbox 210 3947 261 4027; x_wconf 88' lang='grc'>38</span> <span class='ocrx_word' id='word_1_202' title='bbox 289 3953 495 4030; x_wconf 90' lang='lat' dir='ltr'>Conversus</span> <span class='ocrx_word' id='word_1_203' title='bbox 515 3967 638 4031; x_wconf 91' lang='lat' dir='ltr'>autem</span> <span class='ocrx_word' id='word_1_204' title='bbox 657 3955 773 4038; x_wconf 90' lang='lat' dir='ltr'>lesus,</span> <span class='ocrx_word' id='word_1_205' title='bbox 793 3969 832 4028; x_wconf 87' lang='lat' dir='ltr'>et</span> <span class='ocrx_word' id='word_1_206' title='bbox 855 3953 983 4027; x_wconf 88' lang='lat' dir='ltr'>videns</span> <span class='ocrx_word' id='word_1_207' title='bbox 1002 3973 1066 4024; x_wconf 89' lang='lat' dir='ltr'>eos</span> <span class='ocrx_word' id='word_1_208' title='bbox 1085 3971 1243 4047; x_wconf 91' lang='lat' dir='ltr'>sequen·</span> 
     </span>
     <span class='ocr_line' id='line_1_31' title="bbox 102 4075 1240 4182; baseline -0.003 -28"><span class='ocrx_word' id='word_1_209' title='bbox 102 4091 159 4155; x_wconf 84' lang='lat' dir='ltr'>tes</span> <span class='ocrx_word' id='word_1_210' title='bbox 180 4105 233 4170; x_wconf 89' lang='lat' dir='ltr'>sc,</span> <span class='ocrx_word' id='word_1_211' title='bbox 253 4083 341 4159; x_wconf 92' lang='lat' dir='ltr'>dicit</span> <span class='ocrx_word' id='word_1_212' title='bbox 359 4084 427 4159; x_wconf 90' lang='lat' dir='ltr'>eis:</span> <span class='ocrx_word' id='word_1_213' title='bbox 449 4083 541 4175; x_wconf 83' lang='lat' dir='ltr'>Quid</span> <span class='ocrx_word' id='word_1_214' title='bbox 560 4081 766 4182; x_wconf 74' lang='lat' dir='ltr'>quaeritis?</span> <span class='ocrx_word' id='word_1_215' title='bbox 781 4079 850 4172; x_wconf 81' lang='lat' dir='ltr'>Qui</span> <span class='ocrx_word' id='word_1_216' title='bbox 879 4081 1051 4155; x_wconf 86' lang='lat' dir='ltr'>dixerunt</span> <span class='ocrx_word' id='word_1_217' title='bbox 1079 4078 1126 4152; x_wconf 87' lang='lat' dir='ltr'>ci:</span> <span class='ocrx_word' id='word_1_218' title='bbox 1146 4075 1240 4151; x_wconf 85' lang='lat' dir='ltr'>Rab-</span> 
     </span>
    </p>
   </div>
   <div class='ocr_carea' id='block_1_2' title="bbox 0 0 1498 4912">
    <p class='ocr_par' dir='ltr' id='par_1_17' title="bbox 0 0 1498 4912">
     <span class='ocr_line' id='line_1_32' title="bbox 0 0 1498 4912; baseline 0 0"><span class='ocrx_word' id='word_1_219' title='bbox 0 0 1498 4912; x_wconf 95' lang='lat' dir='ltr'> </span> 
     </span>
    </p>
   </div>
  </div>
 </body>
</html>
