2986 4912
179 331 240 401 206
525 350 554 397 m
577 349 714 397 romanu
737 348 986 397 eouuunmmvu

284 433 309 515 3
337 439 443 514 ludas
457 463 543 538 crgo
572 463 654 515 cum
688 440 888 537 accepisset
907 440 1108 525 cohortem,
1128 452 1167 514 et
1185 463 1208 515 a
1224 439 1323 518 Pon-

178 568 350 655 tificibus,
365 581 404 643 et
422 568 625 642 Pharisaeis
644 569 843 658 ministros,
862 569 962 644 venit
986 567 1070 642 illuc
1097 591 1179 642 cum
1210 570 1323 648 later-

178 696 247 783 nis,
274 707 312 769 et
330 694 482 783 facibus,
510 709 549 769 et
567 696 691 769 armis.

284 818 309 898 lt
335 824 437 898 lesus
464 824 735 922 itaque'sciens
754 823 891 909 omnia,
922 845 1014 920 quae
1034 835 1188 897 ventura
1216 837 1323 901 erant

176 976 402 1051 supereum,
429 953 621 1050 processit,
649 965 688 1026 et
714 953 807 1027 dixit
833 952 899 1026 eis:
917 950 1034 1042 Quem
1049 951 1268 1050 quaeritis?

283 1074 308 1155 5
336 1081 616 1180 Responderunt
648 1081 694 1156 ei:
711 1080 832 1156 lesum
865 1079 1105 1155 Nazarenum.
1139 1081 1237 1157 Dicit
1268 1082 1321 1158 cis

90 1257 95 1265 -
176 1206 291 1282 lesus:
321 1206 398 1307 Ego
425 1232 521 1284 sum.
541 1208 672 1284 Stabat
700 1221 826 1283 autem
854 1222 893 1283 et
910 1209 1030 1297 ludas,
1059 1210 1121 1307 qui
1148 1210 1321 1286 tradebat

177 1358 275 1422 cum,
303 1359 386 1410 cum
414 1336 515 1433 ipsis.

231 1489 234 1497 ¹
285 1456 310 1535 6
340 1461 386 1537 Vt
413 1486 498 1560 ergo
512 1462 605 1537 dixit
623 1462 688 1537 eis:
704 1461 783 1561 Ego
799 1485 893 1537 sum:
918 1461 1087 1538 abierunt
1100 1474 1320 1552 retrorsum,

177 1600 216 1662 et
243 1589 450 1664 ceciderunt
468 1591 504 1662 in
532 1602 680 1663 terram.

284 1712 309 1791 'l
338 1718 474 1792 lterum
502 1741 588 1816 ergo
615 1718 853 1816 interrogavit
879 1741 954 1793 eos:
975 1717 1321 1818 Quemquaeritis?

178 1841 235 1917 lili
263 1856 387 1919 autem
414 1845 596 1919 dixerunt:
626 1845 745 1919 lesum
774 1844 1017 1920 Nazarenum.

282 1963 308 2044 8
335 1971 537 2070 Respondit
563 1972 677 2047 lesus:
708 1970 792 2047 Dixi
807 1972 923 2060 vobis,
950 1975 1035 2071 quia
1064 1997 1130 2073 ego
1159 1998 1258 2050 sum:
1289 1975 1319 2050 si

177 2120 262 2196 ergo
290 2121 349 2174 me
368 2100 556 2199 quaeritis,
584 2101 691 2174 sinite
719 2101 786 2175 hos
814 2101 928 2176 abire.

281 2221 306 2302 9
335 2226 382 2303 Vt
409 2230 623 2328 impleretur
650 2253 785 2313 sermo,
816 2253 926 2327 quem
953 2230 1067 2305 dixit:
1096 2228 1191 2321 Quia
1225 2255 1318 2330 quos

176 2354 307 2430 dedisti
335 2358 437 2443 mihi,
465 2381 535 2431 non
550 2358 689 2454 perdidi
708 2380 754 2431 ex
782 2359 834 2432 eis
853 2381 1086 2456 quemquam.

286 2477 336 2557 10
364 2483 486 2557 Simon
503 2508 588 2582 ergo
606 2484 736 2559 Petrus
746 2485 884 2558 habens
903 2484 1060 2582 gladium
1076 2485 1203 2560 eduxit
1218 2508 1316 2561 eum:

161 2621 214 2682 et
241 2611 421 2707 percussit
460 2611 641 2708 pontificis
674 2634 832 2686 servum:
862 2624 899 2686 et
927 2612 1081 2687 abscidit
1114 2612 1316 2718 auriculam

174 2737 252 2812 eius
280 2737 483 2812 dexteram.
512 2736 603 2811 Erat
630 2752 753 2811 autom
772 2761 904 2812 nornen
920 2761 1026 2812 servo
1054 2736 1233 2818 Malcbus.

281 2860 326 2940 11
359 2866 458 2941 Dixit
486 2860 571 2964 ergo
587 2867 688 2940 lesus
705 2865 825 2941 Petro:
847 2865 949 2940 Mitte
970 2866 1128 2964 gladium
1143 2879 1250 2943 tuum
1279 2869 1313 2942 in

173 2996 352 3090 vaginam.
382 2994 558 3081 Calicem,
579 3018 689 3092 quem
707 2995 806 3069 dedit
835 2995 922 3068 mibi
947 2994 1068 3082 Pater,
1097 3019 1170 3069 non
1189 2996 1313 3071 bibam

173 3119 306 3197 trium?
979 3106 982 3114 '

281 3242 331 3322 12
358 3247 498 3324 Cohors
526 3273 625 3346 ergo,
655 3264 692 3324 et
719 3249 899 3335 tribunus,
919 3265 957 3325 et
971 3250 1127 3325 ministri
1154 3251 1308 3329 ludaeo-

171 3401 252 3451 rum
280 3378 631 3475 comprobenderuut
658 3377 792 3464 lesum,
820 3390 859 3452 et
886 3378 1088 3476 ligaverunt
1114 3402 1213 3455 eum:

279 3501 328 3582 13
357 3506 404 3580 Et
432 3508 660 3582 adduxerunt
686 3509 835 3581 eumad
864 3506 1004 3581 Annam
1031 3508 1206 3606 primum,
1234 3524 1311 3585 erat

171 3637 268 3707 enim
297 3658 400 3708 socer
427 3634 599 3732 Caiphae,
627 3636 795 3733 quierat
827 3636 991 3735 pontilex
1019 3637 1102 3710 anni
1130 3637 1243 3712 illius.

278 3757 327 3836 ll
355 3762 444 3837 Erat
462 3776 582 3837 autem
603 3764 758 3862 Caipbas
774 3816 784 3850 ,
799 3765 860 3861 qui
879 3765 1070 3839 consilium
1087 3767 1239 3841 dederat
1253 3767 1310 3841 Iu-

169 3891 280 3993 daeis:
311 3888 402 3979 Quia
430 3892 716 3987 expediturum
744 3893 928 3966 hominem
957 3893 1050 3966 mori
1077 3916 1143 3991 pro
1162 3878 1307 3992 populo.

278 4015 327 4095 15
356 4020 581 4119 Sequebatur
608 4037 731 4098 autem
759 4023 880 4098 lesum
917 4023 1041 4099 Simon
1080 4025 1241 4114 Petrus,
1271 4040 1306 4103 et

169 4148 262 4222 alius
277 4148 485 4244 discipulus.
503 4149 706 4249 Discipulus
725 4164 847 4225 autem
872 4151 933 4225 ille
956 4164 1036 4225 erat
1064 4165 1173 4227 notus
1188 4153 1306 4252 ponti·

168 4279 240 4364 lici,
269 4293 307 4352 et
335 4280 498 4355 introivit
533 4304 616 4355 cum
644 4281 790 4356 lesuin
821 4281 954 4357 atrium
983 4283 1178 4380 pontilicis.
