2986 4912
183 285 224 354 98
512 302 555 351 uu
576 300 715 351 rosuunn
738 301 988 363 nouorummvn

177 393 363 493 quaeretis
390 415 464 481 mc,
493 405 533 468 et
560 394 597 467 in
626 406 778 491 peccato
821 406 947 468 vestro
982 394 1201 468 moriemini.
1246 393 1325 487 Quo

181 545 249 621 ego
277 522 384 609 vado,
412 545 478 596 vos
505 545 579 597 nnn
606 522 763 620 potestis
791 524 933 599 venire.

287 646 340 724 22
368 649 544 726 Dicebant
572 672 659 747 ergo
680 649 818 726 iudaei:
840 647 1024 749 Numquid
1045 650 1245 726 interficiet
1267 675 1326 726 se·

182 776 394 877 metipsum,
421 777 507 877 quia
533 777 647 853 dixit:
677 774 757 868 Quo
785 800 854 876 ego
883 780 991 867 vado,
1020 801 1086 855 vos
1114 803 1187 855 non
1216 791 1327 877 potc-

187 905 255 981 stis
283 883 439 982 'veniret
1123 931 1125 935 ¹

293 1027 347 1110 23
374 1033 423 1111 Et
458 1032 603 1111 dicebat
639 1035 713 1110 eis:
749 1032 823 1110 Vns
851 1033 896 1110 de
926 1033 1101 1110 deorsum
1127 1035 1238 1124 estis,
1262 1057 1329 1134 ego

186 1164 231 1239 de
260 1163 429 1264 supernis
461 1186 557 1239 sum.
592 1160 666 1238 Vos
694 1163 739 1238 de
777 1162 913 1239 mundo
943 1164 1014 1239 boc
1044 1163 1149 1253 estis,
1169 1187 1239 1263 ogo
1259 1187 1330 1238 non

190 1315 272 1367 sum
304 1292 349 1367 de
380 1292 452 1366 hoc
489 1291 640 1368 mundo.

296 1414 351 1495 Dlt
377 1420 462 1494 Dixi
487 1443 574 1518 ergo
603 1419 721 1504 vobis,
745 1420 829 1518 quia
854 1419 1061 1494 moriemini
1095 1420 1132 1493 in
1169 1419 1330 1519 peccatis

193 1548 346 1625 vestris:
376 1548 407 1623 si
434 1547 533 1623 enim
564 1569 637 1622 nnn
674 1545 899 1622 credideritis
928 1545 1013 1646 qnia
1032 1569 1100 1646 ego
1128 1570 1226 1635 snm,
1249 1569 1332 1622 mo·

193 1676 337 1752 riemini
364 1675 400 1750 in
435 1688 588 1775 peccato
615 1689 755 1752 vestro.

300 1796 353 1878 25
381 1801 560 1877 Dicebant
587 1826 673 1902 ergo
711 1804 757 1880 ei:
796 1801 854 1878 Tu
882 1801 963 1902 quis
982 1799 1240 1877 csiDixiteis
1276 1801 1331 1879 le·

197 1954 282 2007 sus:
310 1928 548 2030 Principium,
581 1933 710 2031 quiet
743 1931 873 2030 loquor
904 1930 1022 2006 vobis.

305 2050 359 2134 26
386 2059 501 2137 Multa
536 2058 654 2134 habco
682 2061 727 2134 de
747 2059 850 2135 vobis
869 2058 983 2157 loqui,
1001 2073 1041 2134 et
1072 2056 1245 2133 iudicare.
1275 2055 1336 2132 sed

198 2187 261 2286 qui
293 2211 352 2262 me
382 2190 495 2274 misit,
523 2211 636 2262 verax
669 2199 739 2262 est:
771 2201 810 2264 et
839 2210 908 2286 ego
937 2210 1031 2286 quae
1061 2185 1181 2262 audivi
1202 2184 1250 2260 ab
1279 2207 1335 2271 co,

201 2314 295 2392 hacc
320 2315 451 2416 loquor
482 2316 519 2389 in
552 2317 700 2391 mundo.

306 2437 361 2518 27
388 2442 437 2519 Et
463 2467 536 2518 non
562 2457 810 2542 cognoverunt
837 2443 922 2544 quia
951 2443 1099 2518 Patrem
1127 2442 1208 2518 eius
1236 2440 1337 2517 dice·

203 2571 270 2648 bat
301 2570 434 2649 Deum.

308 2697 362 2776 28
391 2700 491 2776 Dixit
518 2724 604 2798 ergo
636 2700 690 2774 cis
719 2700 842 2775 lesus:
873 2699 967 2776 Cum
997 2697 1253 2774 exaltaveritis
1284 2695 1340 2771 Fi-

205 2830 296 2905 lium
324 2829 510 2915 hominm,
543 2842 631 2904 tunc
667 2830 893 2927 cognoscetis
926 2829 1011 2926 quia
1056 2850 1124 2925 ego
1170 2849 1272 2912 sum,
1306 2838 1342 2901 ct

207 2983 228 3034 a
256 2961 396 3059 meipso
424 2957 518 3033 facio
554 2957 658 3044 nibil,
678 2958 741 3032 sed
762 2958 857 3032 sicut
879 2957 1002 3031 docuit
1022 2978 1080 3029 me
1110 2953 1234 3040 Pater,
1253 2953 1342 3029 baec

211 3089 361 3187 loquor:

316 3210 370 3291 29
398 3229 437 3291 et
469 3218 530 3316 qui
563 3238 623 3290 me
650 3215 764 3302 misit,
797 3235 942 3288 mecum
975 3224 1046 3300 est,
1089 3222 1129 3286 et
1159 3233 1233 3285 non
1260 3208 1346 3285 reli·

210 3347 290 3447 quit
322 3370 381 3420 mc
415 3344 545 3421 solnm:
576 3345 661 3444 quia
689 3365 757 3441 ego
798 3366 891 3442 quac
929 3340 1065 3439 placita
1093 3352 1180 3415 sunt
1211 3338 1265 3428 ei,
1291 3337 1345 3415 ia·

212 3475 268 3549 cio
301 3499 463 3574 sempera

317 3600 369 3682 30
396 3605 496 3681 Haec
522 3604 585 3679 illo
605 3604 791 3703 loquente,
812 3600 919 3677 multi
939 3599 1174 3674 crediderunt
1191 3595 1229 3669 in
1249 3618 1347 3671 cum.

321 3730 369 3810 31
402 3734 554 3809 Dicebat
586 3755 673 3830 ergo
721 3731 823 3806 lesus
859 3729 905 3803 ad
919 3751 1011 3813 eos,
1040 3726 1101 3824 qui
1120 3723 1352 3799 crediderunt

214 3866 262 3951 ei,
291 3865 457 3939 iudanos:
488 3862 526 3936 Si
555 3885 620 3936 vos
649 3858 859 3935 manseritis
892 3857 929 3931 in
960 3878 1129 3932 sermone
1152 3875 1351 3940 meo‚vere

217 3992 384 4091 discipuli
417 3991 489 4064 mci
519 3989 632 4063 eritis:

323 4115 374 4195 32
402 4135 440 4193 et
468 4119 695 4218 cognoscetis
724 4116 937 4202 veritatem,
980 4127 1019 4193 ot
1047 4110 1182 4187 veritas
1220 4108 1353 4186 libera-

218 4251 274 4325 bit
302 4272 379 4324 vos.
