2986 4912
162 279 223 348 168
499 300 530 347 rs
552 301 690 348 roam!
710 298 961 347 commarca

271 387 299 464 2
326 391 366 463 ln
393 391 502 464 domo
529 389 649 462 Patris
667 391 740 464 mei
761 389 969 463 mansiones
989 387 1128 461 maine
1150 398 1253 460 sunt.
1271 387 1302 459 si

170 543 243 617 qno
269 519 390 593 minus
409 519 584 592 dixissem
604 518 722 591 vobis:
742 516 835 606 Quia
863 517 955 589 vado
974 538 1102 613 parare
1127 513 1234 588 vobis
1251 512 1306 587 lo-

169 668 268 719 cnm.

273 767 301 850 3
326 773 376 848 Et
401 774 433 847 si
460 774 597 856 abiero,
625 786 664 847 et
677 795 943 870 praeparavero
958 771 1061 845 vobis
1074 769 1210 844 locun:
1231 769 1302 842 ite·

167 925 251 976 rom
277 903 397 982 venio,
425 917 463 976 et
489 902 664 998 accipiam
692 925 757 974 vos
783 899 829 974 ad
855 900 1051 998 meipsum,
1077 911 1121 972 ut
1141 897 1206 972 obi
1223 917 1304 970 som

168 1051 250 1126 ego,
276 1043 317 1104 et
334 1054 400 1102 vos
417 1031 511 1102 sitis.

272 1151 299 1229 d
326 1156 374 1230 Et
400 1181 473 1254 qno
491 1181 558 1253 ego
579 1158 669 1230 vado
687 1157 803 1243 scitis,
821 1157 970 1230 etaiam
997 1156 1112 1230 scitis.

272 1280 298 1359 5
324 1285 420 1359 Dicit
434 1287 467 1358 ei
495 1284 667 1360 Thomas:
697 1285 865 1370 Domine,
892 1285 1077 1358 nescimus
1089 1306 1163 1383 quo
1185 1282 1302 1357 vadis:

167 1427 206 1487 et
231 1414 412 1510 quomodo
440 1437 633 1510 possnmm
648 1415 744 1487 viam
772 1409 906 1486 scire?

273 1534 299 1612 6
325 1539 422 1613 Dicit
435 1540 470 1614 ei
496 1541 610 1613 lesus:
639 1539 717 1638 Ego
730 1563 812 1613 snm
832 1541 906 1622 via,
931 1555 970 1614 et
990 1541 1139 1626 veritas,
1158 1554 1198 1613 et
1216 1538 1305 1613 rita.

168 1689 276 1741 nemo
305 1668 404 1742 venit
430 1666 656 1752 aeranem,
684 1669 752 1741 nisi
781 1693 846 1765 per
872 1691 945 1741 me.

274 1788 299 1868 7
326 1794 365 1868 Si
379 1797 640 1893 cognovissetis
654 1820 727 1881 me,
746 1809 785 1871 et
799 1795 948 1869 Patrem
963 1819 1085 1871 meam
1098 1796 1226 1892 utique
1246 1817 1308 1870 oo-

168 1924 396 2021 gnovissetis:
412 1938 452 1999 et
464 1926 597 2000 amodo
616 1925 843 2021 cognoscetis
861 1947 961 2009 enm,
978 1940 1019 1998 et
1044 1923 1185 1998 vidistis
1205 1945 1306 1998 eam.

272 2045 299 2126 8
325 2052 423 2128 Dicit
443 2056 477 2127 ci
496 2052 697 2151 Philippus:
724 2051 893 2140 Domine,
920 2052 1072 2127 ostende
1100 2049 1206 2126 nobis
1234 2049 1307 2127 Pa-

168 2195 278 2269 trem,
304 2194 343 2256 et
370 2181 503 2256 suffieit
529 2180 648 2254 nobis.

272 2302 298 2382 9
324 2308 421 2384 Dicit
447 2309 481 2384 ei
508 2309 623 2383 lesus:
652 2306 772 2382 Tanto
798 2320 966 2406 tempore
995 2307 1182 2383 vobiscum
1208 2329 1306 2384 sum:

169 2450 207 2510 et
232 2461 306 2511 non
333 2438 553 2536 cognovistis
571 2434 667 2512 me?
695 2436 875 2535 Philippo,
902 2439 964 2535 qui
990 2437 1090 2512 videt
1108 2459 1181 2520 me,
1208 2437 1309 2512 videt

168 2577 207 2639 et
232 2563 393 2639 Patrem.
421 2563 611 2655 Quomodo
626 2580 666 2640 tu
694 2565 796 2640 dicis:
818 2565 979 2641 Ostende
1006 2565 1111 2639 nobis
1128 2561 1310 2640 Patrem?

283 2687 332 2767 10
360 2692 437 2767 Non
452 2694 599 2768 creditis
613 2695 697 2792 quia
716 2719 783 2792 ego
798 2695 833 2767 in
854 2692 976 2779 Patre,
995 2707 1034 2769 et
1051 2693 1161 2768 Pater
1186 2694 1226 2767 in
1251 2717 1309 2768 mc

171 2819 255 2898 est?
272 2821 402 2908 Verba,
416 2845 509 2919 qnae
524 2846 593 2920 ego
606 2822 735 2920 loquor
748 2821 895 2907 vobis‚a
910 2844 970 2894 me
985 2823 1063 2919 ipso
1076 2843 1149 2895 non
1165 2820 1307 2920 loquor.

170 2949 417 3024 Paterautem
445 2951 481 3023 in
507 2972 567 3023 me
594 2973 760 3035 manens,
788 2951 866 3048 ipse
881 2948 970 3023 facit
996 2973 1120 3047 opera.

277 3071 322 3149 11
355 3075 433 3150 Non
460 3077 607 3152 creditis
633 3077 718 3175 quia
746 3100 813 3174 ego
836 3076 872 3150 in
902 3076 1034 3162 Patre,
1065 3088 1105 3151 et
1134 3074 1307 3151 Pateria

170 3230 228 3280 me
256 3204 348 3280 est?

278 3330 326 3408 12
356 3333 521 3433 Alioquin
548 3347 698 3432 propter
731 3357 841 3430 opera
879 3334 957 3430 ipsa
1000 3333 1149 3408 credite.
1176 3330 1306 3416 Amen,

167 3488 273 3537 amen
301 3465 381 3538 dico
398 3464 514 3548 vobis,
534 3461 728 3560 quieredit
747 3461 873 3545 inme,
893 3485 1018 3561 opera,
1037 3484 1130 3560 quae
1159 3484 1227 3558 ego
1255 3460 1308 3533 fa-

167 3593 237 3676 cio,
264 3593 395 3690 etipse
423 3591 546 3673 faciet,
584 3600 624 3664 et
653 3589 790 3664 maiora
818 3591 950 3664 horum
977 3589 1100 3664 faciet:
1128 3589 1212 3686 quia
1242 3610 1307 3685 ego

170 3721 216 3794 ad
244 3719 392 3794 Patrem
419 3719 526 3792 vado.

274 3842 323 3921 13
354 3846 400 3920 Et
427 3846 678 3943 quodcumque
706 3846 888 3942 petieritis
916 3844 1064 3920 Patrem
1097 3845 1134 3918 in
1162 3843 1308 3916 nomine

169 4000 265 4062 meo,
292 3976 362 4049 hoc
377 3975 522 4049 faciam:
543 3989 586 4049 ut
613 3975 835 4072 glorificetur
852 3973 962 4048 Pater
980 3974 1018 4047 in
1044 3971 1147 4046 Filio.

279 4096 328 4176 lt
356 4103 394 4176 Si
420 4103 505 4200 quid
521 4104 701 4202 petieritis
729 4126 788 4176 me
804 4105 841 4176 in
868 4101 1014 4176 nomine
1041 4123 1138 4188 meo,
1171 4098 1310 4174 hocf-

174 4253 280 4307 oram.
