2986 4912
467 301 568 351 crrvr
590 302 797 351 nvonacruvu
1139 284 1199 354 111

170 388 215 469 11
247 395 330 494 quia
358 393 463 468 multi
490 408 639 493 propter
666 391 767 467 illum
796 391 945 467 abibant
971 415 1018 466 ex
1036 393 1193 480 ludaeis,
1229 432 1231 437 ·

63 538 103 600 et
130 524 325 599 eredebant
352 523 389 596 in
417 522 551 597 lesum.

171 648 289 729 12111
318 652 516 727 erastinum
554 663 681 726 autem
710 641 818 727 turba
846 651 977 739 multa,
1004 674 1097 750 quae
1135 675 1200 726 ve-

62 794 170 857 nerat
198 782 244 855 ad
270 780 367 854 diem
394 779 543 866 festum,
571 802 654 854 eum
683 779 869 855 audissent
896 779 979 878 quia
1008 779 1110 855 venit
1145 779 1202 854 le·

65 932 129 984 sus
156 902 440 1005 lerosolymam:
650 994 654 1004 .

174 1029 224 1111 13
253 1047 471 1134 aeceperunt
497 1057 620 1109 ramos
638 1033 861 1132 palmarum,
876 1046 915 1108 et
946 1048 1201 1132 processerunt

65 1165 211 1243 obviam
245 1167 292 1249 ei,
321 1178 359 1241 et
395 1164 614 1241 clamabant:
652 1162 835 1250 hosanna,
867 1162 1097 1252 benedictus,
1138 1166 1200 1264 qui

67 1295 236 1370 venitin
268 1294 414 1369 nomine
447 1293 606 1380 Domini,
639 1292 721 1367 Rex
754 1291 879 1367 lsrael.

176 1417 226 1498 ld
252 1421 301 1498 Et
319 1423 459 1496 invenit
485 1422 587 1497 lesus
614 1420 782 1508 asellum,
801 1436 840 1496 et
859 1420 953 1496 sedit
967 1444 1077 1520 super
1098 1444 1198 1506 eum,

67 1551 164 1626 sieut
190 1550 366 1647 seriptum
399 1564 476 1626 est:
519 1577 522 1584 ·

176 1671 224 1751 15
257 1676 337 1752 Noli
365 1677 494 1751 timere
541 1676 614 1752 iilia
647 1675 759 1751 Sion:
798 1700 882 1750 ecee
915 1701 981 1751 rex
1014 1691 1100 1752 tuus
1133 1701 1200 1752 ve-

67 1807 125 1882 nit
157 1805 287 1880 sedens
319 1830 428 1904 super
459 1805 601 1904 pullum
638 1807 773 1880 asinae.

177 1927 227 2009 16
254 1933 353 2009 Haec
370 1957 442 2008 non
461 1948 709 2032 cognoverunt
735 1934 901 2033 discipuli
920 1933 998 2008 eins
1017 1934 1198 2032 primum:

70 2063 136 2139 sed
164 2063 307 2162 quando
345 2062 566 2160 glorificatus
594 2073 652 2136 est
666 2062 781 2148 lesuS,
802 2075 888 2136 tune
906 2062 1087 2136 recordati
1116 2074 1202 2137 sunt

70 2192 156 2290 quia
183 2192 275 2266 haee
303 2204 409 2266 erant
435 2190 569 2288 scripta
598 2191 643 2265 de
672 2213 727 2264 eo:
756 2202 795 2265 et
822 2189 912 2263 haee
939 2187 1105 2264 iecerunt
1132 2188 1178 2263 ei.

180 2312 229 2392 17
258 2317 522 2394 Testimonium
551 2341 636 2416 ergo
650 2317 866 2417 perhibebat
880 2316 1000 2404 turba,
1015 2339 1107 2416 quae
1123 2328 1203 2391 erat

71 2469 157 2521 eum
184 2469 228 2520 eo
254 2447 397 2545 quando
424 2443 601 2520 Lazarum
629 2445 773 2520 vocavit
799 2445 843 2519 de
872 2455 1137 2530 monumento,
1165 2456 1203 2519 et

71 2573 264 2648 suscitavit
291 2597 375 2648 eum
403 2598 424 2649 a
451 2575 620 2649 mortuis.
1180 2647 1184 2654 .

181 2695 231 2774 18
258 2700 455 2799 Propterea
484 2715 522 2777 et
548 2700 693 2777 obviam
720 2701 821 2776 venit
847 2700 881 2774 ei
896 2699 1017 2775 turba:
1033 2699 1116 2797 quia
1140 2721 1206 2774 au-

78 2828 225 2904 dierunt
253 2853 336 2902 eum
365 2828 495 2904 fecisse
532 2828 601 2904 hoe
638 2829 794 2927 signum.

183 2951 232 3031 19
259 2956 443 3032 Pharisaei
478 2980 564 3055 ergo
591 2957 763 3032 dixerunt
780 2956 826 3031 ad
845 2956 1075 3055 semetipsos:
1097 2952 1207 3030 Vide-

74 3086 124 3161 tis
150 3086 233 3185 quia
262 3085 352 3159 nihil
370 3084 601 3184 proficimus?
620 3109 704 3159 ecee
725 3085 880 3159 mundus
899 3096 1001 3159 totus
1015 3097 1098 3181 post
1121 3106 1205 3157 eum

75 3213 180 3288 abiit.
550 3193 552 3197 ¹

182 3336 235 3416 20
262 3339 377 3415 Erant
402 3352 525 3414 autem
553 3341 700 3439 quidam
728 3339 891 3415 Gentiles
919 3363 965 3413 ex
983 3340 1056 3425 his,
1083 3338 1144 3438 qui
1168 3362 1208 3411 a·

76 3469 292 3544 scenderunt
318 3482 360 3543 ut
387 3468 578 3544 adorarent
606 3469 642 3541 in
670 3469 727 3543 die
754 3467 879 3544 festo·

181 3591 229 3672 21
261 3596 305 3671 Hi
333 3621 419 3694 ergo
447 3610 679 3672 accesserunt
712 3597 756 3670 ad
789 3596 1011 3695 Philippum,
1039 3595 1100 3694 qui
1128 3606 1209 3667 erat

76 3749 99 3798 a
123 3724 320 3798 Bethsaida
349 3722 542 3810 Galilaeae,
571 3736 609 3797 et
636 3701 813 3821 rogabant
828 3746 927 3812 eum,
942 3723 1117 3798 dieentes:
1138 3719 1213 3794 Do-

76 3853 189 3940 mine,
209 3853 386 3927 -volumus
413 3853 534 3928 lesum
562 3853 716 3926 videre·

179 3978 233 4057 22
260 3980 368 4057 Venit
393 3978 595 4080 Philippus,
636 3994 675 4054 et
702 3980 789 4055 dicit
822 3979 1009 4058 Andreae:
1046 3976 1212 4053 Andreas

74 4133 234 4199 rursum,
262 4124 300 4185 et
327 4110 515 4211 Philippus
542 4110 711 4185 dixerunt
738 4109 832 4183 lesu.
