<?xml version="1.0" encoding="UTF-8"?>
<!DOCTYPE html PUBLIC "-//W3C//DTD XHTML 1.0 Transitional//EN"
    "http://www.w3.org/TR/xhtml1/DTD/xhtml1-transitional.dtd">
<html xmlns="http://www.w3.org/1999/xhtml" xml:lang="en" lang="en">
 <head>
  <title>
</title>
<meta http-equiv="Content-Type" content="text/html;charset=utf-8" />
  <meta name='ocr-system' content='tesseract 3.04.00' />
  <meta name='ocr-capabilities' content='ocr_page ocr_carea ocr_par ocr_line ocrx_word'/>
</head>
<body>
  <div class='ocr_page' id='page_1' title='image "./franciscixaveri00patrgoog_0158.png"; bbox 0 0 2986 4912; ppageno 0'>
   <div class='ocr_carea' id='block_1_1' title="bbox 279 327 1300 528">
    <p class='ocr_par' dir='ltr' id='par_1_1' title="bbox 279 327 1300 528">
     <span class='ocr_line' id='line_1_1' title="bbox 559 327 1300 397; baseline 0.001 -2"><span class='ocrx_word' id='word_1_1' title='bbox 559 342 661 397; x_wconf 81' lang='lat' dir='ltr'>oxrvr</span> <span class='ocrx_word' id='word_1_2' title='bbox 691 347 896 395; x_wconf 84' lang='lat' dir='ltr'>nvonxcmvx</span> <span class='ocrx_word' id='word_1_3' title='bbox 1210 348 1212 351; x_wconf 87' lang='lat'>·</span> <span class='ocrx_word' id='word_1_4' title='bbox 1240 327 1300 396; x_wconf 86' lang='grc'>143</span> 
     </span>
     <span class='ocr_line' id='line_1_2' title="bbox 279 427 1300 528; baseline -0.007 -20"><span class='ocrx_word' id='word_1_5' title='bbox 279 427 331 508; x_wconf 89' lang='grc'>35</span> <span class='ocrx_word' id='word_1_6' title='bbox 358 431 459 506; x_wconf 80' lang='lat' dir='ltr'><strong>Dixit</strong></span> <span class='ocrx_word' id='word_1_7' title='bbox 485 443 569 528; x_wconf 87' lang='lat' dir='ltr'>ergo</span> <span class='ocrx_word' id='word_1_8' title='bbox 599 433 651 506; x_wconf 89' lang='lat' dir='ltr'>eis</span> <span class='ocrx_word' id='word_1_9' title='bbox 669 431 786 506; x_wconf 86' lang='lat' dir='ltr'>lesus:</span> <span class='ocrx_word' id='word_1_10' title='bbox 809 431 935 504; x_wconf 78' lang='lat' dir='ltr'>Adhuc</span> <span class='ocrx_word' id='word_1_11' title='bbox 962 429 1156 514; x_wconf 90' lang='lat' dir='ltr'>modicum,</span> <span class='ocrx_word' id='word_1_12' title='bbox 1176 431 1300 503; x_wconf 89' lang='lat' dir='ltr'>lumen</span> 
     </span>
    </p>
   </div>
   <div class='ocr_carea' id='block_1_2' title="bbox 164 556 1386 4231">
    <p class='ocr_par' dir='ltr' id='par_1_2' title="bbox 167 556 1305 911">
     <span class='ocr_line' id='line_1_3' title="bbox 172 556 1303 658; baseline -0.006 -22"><span class='ocrx_word' id='word_1_13' title='bbox 172 562 210 636; x_wconf 94' lang='lat' dir='ltr'>in</span> <span class='ocrx_word' id='word_1_14' title='bbox 225 559 328 634; x_wconf 88' lang='lat' dir='ltr'>vobis</span> <span class='ocrx_word' id='word_1_15' title='bbox 356 573 424 634; x_wconf 88' lang='lat' dir='ltr'>est.</span> <span class='ocrx_word' id='word_1_16' title='bbox 455 558 648 633; x_wconf 79' lang='lat' dir='ltr'>Ambulate</span> <span class='ocrx_word' id='word_1_17' title='bbox 676 558 762 632; x_wconf 93' lang='lat' dir='ltr'>dum</span> <span class='ocrx_word' id='word_1_18' title='bbox 782 557 901 658; x_wconf 91' lang='lat' dir='ltr'>lucem</span> <span class='ocrx_word' id='word_1_19' title='bbox 918 556 1076 641; x_wconf 90' lang='lat' dir='ltr'>habetis,</span> <span class='ocrx_word' id='word_1_20' title='bbox 1090 570 1133 630; x_wconf 91' lang='lat' dir='ltr'>ut</span> <span class='ocrx_word' id='word_1_21' title='bbox 1151 580 1223 630; x_wconf 92' lang='lat' dir='ltr'>non</span> <span class='ocrx_word' id='word_1_22' title='bbox 1238 578 1303 630; x_wconf 85' lang='lat' dir='ltr'>vos</span> 
     </span>
     <span class='ocr_line' id='line_1_4' title="bbox 170 683 1305 792; baseline -0.004 -30"><span class='ocrx_word' id='word_1_23' title='bbox 170 688 345 762; x_wconf 81' lang='lat' dir='ltr'>tenebrae</span> <span class='ocrx_word' id='word_1_24' title='bbox 373 686 693 785; x_wconf 84' lang='lat' dir='ltr'>comprehendant:</span> <span class='ocrx_word' id='word_1_25' title='bbox 723 687 849 784; x_wconf 88' lang='lat' dir='ltr'>etqui</span> <span class='ocrx_word' id='word_1_26' title='bbox 877 683 1040 792; x_wconf 85' lang='lat' dir='ltr'>ambulat</span> <span class='ocrx_word' id='word_1_27' title='bbox 1067 685 1103 757; x_wconf 94' lang='lat' dir='ltr'>in</span> <span class='ocrx_word' id='word_1_28' title='bbox 1132 683 1305 770; x_wconf 88' lang='lat' dir='ltr'>tenebris,</span> 
     </span>
     <span class='ocr_line' id='line_1_5' title="bbox 167 815 1267 911; baseline -0.005 -19"><span class='ocrx_word' id='word_1_29' title='bbox 167 815 291 892; x_wconf 86' lang='lat' dir='ltr'>nescit</span> <span class='ocrx_word' id='word_1_30' title='bbox 318 839 390 911; x_wconf 91' lang='lat' dir='ltr'>qno</span> <span class='ocrx_word' id='word_1_31' title='bbox 418 815 540 888; x_wconf 88' lang='lat' dir='ltr'>vadat.</span> <span class='ocrx_word' id='word_1_32' title='bbox 1265 827 1267 832; x_wconf 84' lang='lat'>&#39;</span> 
     </span>
    </p>

    <p class='ocr_par' dir='ltr' id='par_1_3' title="bbox 171 928 1309 1274">
     <span class='ocr_line' id='line_1_6' title="bbox 283 928 1309 1025; baseline -0.005 -9"><span class='ocrx_word' id='word_1_33' title='bbox 283 928 335 1016; x_wconf 84' lang='grc'>36</span> <span class='ocrx_word' id='word_1_34' title='bbox 364 942 458 1017; x_wconf 89' lang='lat' dir='ltr'>Dum</span> <span class='ocrx_word' id='word_1_35' title='bbox 487 942 604 1017; x_wconf 90' lang='lat' dir='ltr'>lucem</span> <span class='ocrx_word' id='word_1_36' title='bbox 633 941 791 1025; x_wconf 87' lang='lat' dir='ltr'>habetis,</span> <span class='ocrx_word' id='word_1_37' title='bbox 820 936 955 1014; x_wconf 80' lang='lat' dir='ltr'>credite</span> <span class='ocrx_word' id='word_1_38' title='bbox 984 941 1020 1013; x_wconf 93' lang='lat' dir='ltr'>in</span> <span class='ocrx_word' id='word_1_39' title='bbox 1048 940 1182 1025; x_wconf 90' lang='lat' dir='ltr'>lucem,</span> <span class='ocrx_word' id='word_1_40' title='bbox 1201 951 1244 1012; x_wconf 92' lang='lat' dir='ltr'>ut</span> <span class='ocrx_word' id='word_1_41' title='bbox 1271 938 1309 1011; x_wconf 84' lang='lat' dir='ltr'>fi·</span> 
     </span>
     <span class='ocr_line' id='line_1_7' title="bbox 171 1065 1307 1154; baseline -0.004 -10"><span class='ocrx_word' id='word_1_42' title='bbox 171 1071 212 1145; x_wconf 95' lang='lat' dir='ltr'>lii</span> <span class='ocrx_word' id='word_1_43' title='bbox 239 1069 330 1143; x_wconf 87' lang='lat' dir='ltr'>lucis</span> <span class='ocrx_word' id='word_1_44' title='bbox 358 1071 451 1144; x_wconf 90' lang='lat' dir='ltr'>sitis.</span> <span class='ocrx_word' id='word_1_45' title='bbox 467 1068 566 1143; x_wconf 87' lang='lat' dir='ltr'>llaec</span> <span class='ocrx_word' id='word_1_46' title='bbox 585 1071 728 1143; x_wconf 91' lang='lat' dir='ltr'>locutus</span> <span class='ocrx_word' id='word_1_47' title='bbox 757 1083 814 1143; x_wconf 89' lang='lat' dir='ltr'>est</span> <span class='ocrx_word' id='word_1_48' title='bbox 840 1068 960 1144; x_wconf 87' lang='lat' dir='ltr'>lesus:</span> <span class='ocrx_word' id='word_1_49' title='bbox 978 1081 1016 1142; x_wconf 91' lang='lat' dir='ltr'>et</span> <span class='ocrx_word' id='word_1_50' title='bbox 1034 1066 1141 1154; x_wconf 91' lang='lat' dir='ltr'>abiit,</span> <span class='ocrx_word' id='word_1_51' title='bbox 1166 1068 1204 1142; x_wconf 89' lang='lat' dir='ltr'>et</span> <span class='ocrx_word' id='word_1_52' title='bbox 1223 1065 1307 1140; x_wconf 89' lang='lat' dir='ltr'>abs-</span> 
     </span>
     <span class='ocr_line' id='line_1_8' title="bbox 172 1198 657 1274; baseline -0.01 0"><span class='ocrx_word' id='word_1_53' title='bbox 172 1199 297 1274; x_wconf 83' lang='lat' dir='ltr'>condit</span> <span class='ocrx_word' id='word_1_54' title='bbox 325 1223 364 1274; x_wconf 91' lang='lat' dir='ltr'>sc</span> <span class='ocrx_word' id='word_1_55' title='bbox 392 1199 438 1272; x_wconf 88' lang='lat' dir='ltr'>ab</span> <span class='ocrx_word' id='word_1_56' title='bbox 466 1198 551 1271; x_wconf 69' lang='lat' dir='ltr'>eis.⁴</span> <span class='ocrx_word' id='word_1_57' title='bbox 655 1199 657 1202; x_wconf 48' lang='lat'><strong>⁴</strong></span> 
     </span>
    </p>

    <p class='ocr_par' dir='ltr' id='par_1_4' title="bbox 172 1318 1303 1528">
     <span class='ocr_line' id='line_1_9' title="bbox 282 1318 1303 1420; baseline -0.004 -22"><span class='ocrx_word' id='word_1_58' title='bbox 282 1318 333 1399; x_wconf 83' lang='lat'>37</span> <span class='ocrx_word' id='word_1_59' title='bbox 361 1323 453 1398; x_wconf 86' lang='lat' dir='ltr'>Cum</span> <span class='ocrx_word' id='word_1_60' title='bbox 481 1337 604 1398; x_wconf 85' lang='lat' dir='ltr'>antem</span> <span class='ocrx_word' id='word_1_61' title='bbox 633 1337 735 1398; x_wconf 84' lang='lat' dir='ltr'>tanta</span> <span class='ocrx_word' id='word_1_62' title='bbox 762 1323 863 1420; x_wconf 87' lang='lat' dir='ltr'>signa</span> <span class='ocrx_word' id='word_1_63' title='bbox 890 1323 1038 1398; x_wconf 85' lang='lat' dir='ltr'>fecisset</span> <span class='ocrx_word' id='word_1_64' title='bbox 1073 1344 1196 1396; x_wconf 89' lang='lat' dir='ltr'>coram</span> <span class='ocrx_word' id='word_1_65' title='bbox 1223 1321 1303 1407; x_wconf 87' lang='lat' dir='ltr'>eis,</span> 
     </span>
     <span class='ocr_line' id='line_1_10' title="bbox 172 1440 991 1528; baseline -0.007 0"><span class='ocrx_word' id='word_1_66' title='bbox 172 1475 247 1528; x_wconf 91' lang='lat' dir='ltr'>non</span> <span class='ocrx_word' id='word_1_67' title='bbox 273 1440 471 1528; x_wconf 79' lang='lat' dir='ltr'>credebant</span> <span class='ocrx_word' id='word_1_68' title='bbox 499 1452 535 1523; x_wconf 92' lang='lat' dir='ltr'>in</span> <span class='ocrx_word' id='word_1_69' title='bbox 562 1473 669 1524; x_wconf 90' lang='lat' dir='ltr'>cnm:</span> <span class='ocrx_word' id='word_1_70' title='bbox 989 1447 991 1452; x_wconf 79' lang='grc'><strong>’</strong></span> 
     </span>
    </p>

    <p class='ocr_par' dir='ltr' id='par_1_5' title="bbox 168 1572 1304 1910">
     <span class='ocr_line' id='line_1_11' title="bbox 168 1572 1304 1678; baseline -0.003 -25"><span class='ocrx_word' id='word_1_71' title='bbox 168 1631 172 1638; x_wconf 80' lang='lat'>·</span> <span class='ocrx_word' id='word_1_72' title='bbox 281 1572 333 1653; x_wconf 87' lang='lat'>38</span> <span class='ocrx_word' id='word_1_73' title='bbox 361 1593 401 1652; x_wconf 92' lang='lat' dir='ltr'>nt</span> <span class='ocrx_word' id='word_1_74' title='bbox 428 1602 549 1653; x_wconf 90' lang='lat' dir='ltr'>sermo</span> <span class='ocrx_word' id='word_1_75' title='bbox 577 1578 692 1652; x_wconf 84' lang='lat' dir='ltr'>Isaiae</span> <span class='ocrx_word' id='word_1_76' title='bbox 721 1579 921 1677; x_wconf 91' lang='lat' dir='ltr'>prophetae</span> <span class='ocrx_word' id='word_1_77' title='bbox 948 1577 1176 1678; x_wconf 89' lang='lat' dir='ltr'>impleretur,</span> <span class='ocrx_word' id='word_1_78' title='bbox 1196 1599 1304 1676; x_wconf 85' lang='lat' dir='ltr'>quem</span> 
     </span>
     <span class='ocr_line' id='line_1_12' title="bbox 173 1703 1303 1803; baseline -0.003 -22"><span class='ocrx_word' id='word_1_79' title='bbox 173 1707 278 1781; x_wconf 81' lang='lat' dir='ltr'>dixit:</span> <span class='ocrx_word' id='word_1_80' title='bbox 291 1705 457 1792; x_wconf 89' lang='lat' dir='ltr'>Domine,</span> <span class='ocrx_word' id='word_1_81' title='bbox 468 1707 548 1803; x_wconf 88' lang='lat' dir='ltr'>quis</span> <span class='ocrx_word' id='word_1_82' title='bbox 568 1707 719 1781; x_wconf 86' lang='lat' dir='ltr'>credidit</span> <span class='ocrx_word' id='word_1_83' title='bbox 734 1707 871 1782; x_wconf 91' lang='lat' dir='ltr'>auditui</span> <span class='ocrx_word' id='word_1_84' title='bbox 886 1703 1042 1781; x_wconf 73' lang='lat' dir='ltr'>nostro?</span> <span class='ocrx_word' id='word_1_85' title='bbox 1058 1718 1096 1781; x_wconf 90' lang='lat' dir='ltr'>et</span> <span class='ocrx_word' id='word_1_86' title='bbox 1113 1704 1303 1780; x_wconf 83' lang='lat' dir='ltr'>brachium</span> 
     </span>
     <span class='ocr_line' id='line_1_13' title="bbox 174 1832 749 1910; baseline -0.003 0"><span class='ocrx_word' id='word_1_87' title='bbox 174 1834 319 1910; x_wconf 90' lang='lat' dir='ltr'>Domini</span> <span class='ocrx_word' id='word_1_88' title='bbox 347 1834 405 1909; x_wconf 92' lang='lat' dir='ltr'>cui</span> <span class='ocrx_word' id='word_1_89' title='bbox 431 1833 633 1909; x_wconf 88' lang='lat' dir='ltr'>revelatum</span> <span class='ocrx_word' id='word_1_90' title='bbox 661 1832 749 1908; x_wconf 78' lang='lat' dir='ltr'>est?</span> 
     </span>
    </p>

    <p class='ocr_par' dir='ltr' id='par_1_6' title="bbox 174 1955 1386 2194">
     <span class='ocr_line' id='line_1_14' title="bbox 282 1955 1386 2060; baseline -0.003 -25"><span class='ocrx_word' id='word_1_91' title='bbox 282 1955 333 2036; x_wconf 84' lang='grc'>39</span> <span class='ocrx_word' id='word_1_92' title='bbox 361 1961 558 2060; x_wconf 90' lang='lat' dir='ltr'>Propterea</span> <span class='ocrx_word' id='word_1_93' title='bbox 587 1985 658 2034; x_wconf 90' lang='lat' dir='ltr'>non</span> <span class='ocrx_word' id='word_1_94' title='bbox 691 1974 862 2059; x_wconf 85' lang='lat' dir='ltr'>poterant</span> <span class='ocrx_word' id='word_1_95' title='bbox 894 1963 1054 2049; x_wconf 88' lang='lat' dir='ltr'>credere,</span> <span class='ocrx_word' id='word_1_96' title='bbox 1074 1960 1305 2060; x_wconf 84' lang='lat' dir='ltr'>qniaiternm</span> <span class='ocrx_word' id='word_1_97' title='bbox 1383 1980 1386 1986; x_wconf 87' lang='lat'>·</span> 
     </span>
     <span class='ocr_line' id='line_1_15' title="bbox 174 2089 807 2194; baseline -0.005 -31"><span class='ocrx_word' id='word_1_98' title='bbox 174 2089 268 2163; x_wconf 88' lang='lat' dir='ltr'>dixit</span> <span class='ocrx_word' id='word_1_99' title='bbox 295 2089 427 2162; x_wconf 89' lang='lat' dir='ltr'>lsaias:</span> <span class='ocrx_word' id='word_1_100' title='bbox 805 2191 807 2194; x_wconf 15' lang='grc' dir='ltr'>Ι</span> 
     </span>
    </p>

    <p class='ocr_par' dir='ltr' id='par_1_7' title="bbox 173 2210 1307 2558">
     <span class='ocr_line' id='line_1_16' title="bbox 282 2210 1307 2304; baseline 0 -15"><span class='ocrx_word' id='word_1_101' title='bbox 282 2210 333 2290; x_wconf 86' lang='grc'>40</span> <span class='ocrx_word' id='word_1_102' title='bbox 360 2217 580 2291; x_wconf 87' lang='lat' dir='ltr'>Excaecavit</span> <span class='ocrx_word' id='word_1_103' title='bbox 607 2217 730 2292; x_wconf 91' lang='lat' dir='ltr'>oculos</span> <span class='ocrx_word' id='word_1_104' title='bbox 758 2241 897 2304; x_wconf 92' lang='lat' dir='ltr'>eorum,</span> <span class='ocrx_word' id='word_1_105' title='bbox 914 2231 951 2292; x_wconf 93' lang='lat' dir='ltr'>et</span> <span class='ocrx_word' id='word_1_106' title='bbox 966 2217 1150 2293; x_wconf 92' lang='lat' dir='ltr'>induravit</span> <span class='ocrx_word' id='word_1_107' title='bbox 1164 2240 1226 2291; x_wconf 89' lang='lat' dir='ltr'>cor</span> <span class='ocrx_word' id='word_1_108' title='bbox 1245 2238 1307 2289; x_wconf 91' lang='lat' dir='ltr'>eo-</span> 
     </span>
     <span class='ocr_line' id='line_1_17' title="bbox 173 2343 1307 2443; baseline -0.001 -25"><span class='ocrx_word' id='word_1_109' title='bbox 173 2367 270 2418; x_wconf 90' lang='lat' dir='ltr'>rum:</span> <span class='ocrx_word' id='word_1_110' title='bbox 299 2357 439 2417; x_wconf 92' lang='lat' dir='ltr'>utnon</span> <span class='ocrx_word' id='word_1_111' title='bbox 467 2344 613 2419; x_wconf 86' lang='lat' dir='ltr'>videant</span> <span class='ocrx_word' id='word_1_112' title='bbox 641 2346 768 2432; x_wconf 90' lang='lat' dir='ltr'>oculis,</span> <span class='ocrx_word' id='word_1_113' title='bbox 797 2359 836 2421; x_wconf 87' lang='lat' dir='ltr'>ct</span> <span class='ocrx_word' id='word_1_114' title='bbox 862 2369 934 2420; x_wconf 93' lang='lat' dir='ltr'>non</span> <span class='ocrx_word' id='word_1_115' title='bbox 962 2345 1166 2443; x_wconf 82' lang='lat' dir='ltr'>intelligant</span> <span class='ocrx_word' id='word_1_116' title='bbox 1185 2343 1307 2429; x_wconf 89' lang='lat' dir='ltr'>corde,</span> 
     </span>
     <span class='ocr_line' id='line_1_18' title="bbox 176 2484 838 2558; baseline 0 -12"><span class='ocrx_word' id='word_1_117' title='bbox 176 2484 216 2546; x_wconf 89' lang='lat' dir='ltr'>ct</span> <span class='ocrx_word' id='word_1_118' title='bbox 244 2484 514 2558; x_wconf 88' lang='lat' dir='ltr'>convertantur,</span> <span class='ocrx_word' id='word_1_119' title='bbox 543 2485 581 2546; x_wconf 91' lang='lat' dir='ltr'>et</span> <span class='ocrx_word' id='word_1_120' title='bbox 609 2496 734 2547; x_wconf 88' lang='lat' dir='ltr'>sanem</span> <span class='ocrx_word' id='word_1_121' title='bbox 761 2496 838 2548; x_wconf 86' lang='lat' dir='ltr'>cos.</span> 
     </span>
    </p>

    <p class='ocr_par' dir='ltr' id='par_1_8' title="bbox 164 2593 1309 2810">
     <span class='ocr_line' id='line_1_19' title="bbox 164 2593 1309 2701; baseline 0 -29"><span class='ocrx_word' id='word_1_122' title='bbox 164 2678 168 2685; x_wconf 65' lang='grc'>,</span> <span class='ocrx_word' id='word_1_123' title='bbox 285 2593 331 2673; x_wconf 90' lang='grc'>41</span> <span class='ocrx_word' id='word_1_124' title='bbox 363 2598 460 2675; x_wconf 89' lang='lat' dir='ltr'>Haec</span> <span class='ocrx_word' id='word_1_125' title='bbox 488 2601 579 2675; x_wconf 83' lang='lat' dir='ltr'>dixit</span> <span class='ocrx_word' id='word_1_126' title='bbox 612 2601 738 2688; x_wconf 91' lang='lat' dir='ltr'>lsaias,</span> <span class='ocrx_word' id='word_1_127' title='bbox 758 2602 900 2701; x_wconf 89' lang='lat' dir='ltr'>quando</span> <span class='ocrx_word' id='word_1_128' title='bbox 928 2602 1019 2676; x_wconf 92' lang='lat' dir='ltr'>vidit</span> <span class='ocrx_word' id='word_1_129' title='bbox 1046 2599 1199 2698; x_wconf 82' lang='lat' dir='ltr'>gloriam</span> <span class='ocrx_word' id='word_1_130' title='bbox 1216 2599 1309 2684; x_wconf 86' lang='lat' dir='ltr'>cius,</span> 
     </span>
     <span class='ocr_line' id='line_1_20' title="bbox 177 2723 870 2810; baseline 0 -9"><span class='ocrx_word' id='word_1_131' title='bbox 177 2739 216 2801; x_wconf 89' lang='lat' dir='ltr'>et</span> <span class='ocrx_word' id='word_1_132' title='bbox 242 2723 386 2800; x_wconf 90' lang='lat' dir='ltr'>loeutus</span> <span class='ocrx_word' id='word_1_133' title='bbox 414 2740 472 2801; x_wconf 90' lang='lat' dir='ltr'>est</span> <span class='ocrx_word' id='word_1_134' title='bbox 498 2728 542 2802; x_wconf 91' lang='lat' dir='ltr'>de</span> <span class='ocrx_word' id='word_1_135' title='bbox 571 2751 627 2801; x_wconf 91' lang='lat' dir='ltr'>eo.</span> <span class='ocrx_word' id='word_1_136' title='bbox 868 2807 870 2810; x_wconf 60' lang='grc'>,</span> 
     </span>
    </p>

    <p class='ocr_par' dir='ltr' id='par_1_9' title="bbox 176 2847 1311 3210">
     <span class='ocr_line' id='line_1_21' title="bbox 286 2847 1311 2974; baseline 0.002 -48"><span class='ocrx_word' id='word_1_137' title='bbox 286 2847 337 2928; x_wconf 67' lang='grc'>43</span> <span class='ocrx_word' id='word_1_138' title='bbox 365 2852 623 2929; x_wconf 86' lang='lat' dir='ltr'>Verumtamen</span> <span class='ocrx_word' id='word_1_139' title='bbox 652 2869 691 2931; x_wconf 90' lang='lat' dir='ltr'>et</span> <span class='ocrx_word' id='word_1_140' title='bbox 719 2855 1001 2974; x_wconf 84' lang='lat' dir='ltr'>exprincipibus</span> <span class='ocrx_word' id='word_1_141' title='bbox 1020 2854 1127 2931; x_wconf 90' lang='lat' dir='ltr'>multi</span> <span class='ocrx_word' id='word_1_142' title='bbox 1150 2853 1311 2928; x_wconf 88' lang='lat' dir='ltr'>credide·</span> 
     </span>
     <span class='ocr_line' id='line_1_22' title="bbox 176 2980 1310 3083; baseline -0.001 -28"><span class='ocrx_word' id='word_1_143' title='bbox 176 2993 265 3055; x_wconf 90' lang='lat' dir='ltr'>runt</span> <span class='ocrx_word' id='word_1_144' title='bbox 290 2982 328 3054; x_wconf 93' lang='lat' dir='ltr'>in</span> <span class='ocrx_word' id='word_1_145' title='bbox 356 3006 451 3057; x_wconf 85' lang='lat' dir='ltr'>eum:</span> <span class='ocrx_word' id='word_1_146' title='bbox 481 2984 545 3058; x_wconf 85' lang='lat' dir='ltr'>sed</span> <span class='ocrx_word' id='word_1_147' title='bbox 572 2997 723 3083; x_wconf 89' lang='lat' dir='ltr'>propter</span> <span class='ocrx_word' id='word_1_148' title='bbox 749 2982 963 3058; x_wconf 87' lang='lat' dir='ltr'>Pharisaeos</span> <span class='ocrx_word' id='word_1_149' title='bbox 991 3006 1063 3057; x_wconf 93' lang='lat' dir='ltr'>non</span> <span class='ocrx_word' id='word_1_150' title='bbox 1083 2980 1310 3058; x_wconf 88' lang='lat' dir='ltr'>confiteban-</span> 
     </span>
     <span class='ocr_line' id='line_1_23' title="bbox 177 3112 938 3210; baseline 0 -26"><span class='ocrx_word' id='word_1_151' title='bbox 177 3124 253 3197; x_wconf 88' lang='lat' dir='ltr'>tur,</span> <span class='ocrx_word' id='word_1_152' title='bbox 282 3124 323 3184; x_wconf 91' lang='lat' dir='ltr'>ut</span> <span class='ocrx_word' id='word_1_153' title='bbox 350 3134 370 3184; x_wconf 93' lang='lat' dir='ltr'>e</span> <span class='ocrx_word' id='word_1_154' title='bbox 399 3135 580 3210; x_wconf 86' lang='lat' dir='ltr'>synagoga</span> <span class='ocrx_word' id='word_1_155' title='bbox 608 3135 680 3186; x_wconf 90' lang='lat' dir='ltr'>non</span> <span class='ocrx_word' id='word_1_156' title='bbox 708 3112 938 3186; x_wconf 88' lang='lat' dir='ltr'>eiicerentur.</span> 
     </span>
    </p>

    <p class='ocr_par' dir='ltr' id='par_1_10' title="bbox 177 3230 1311 3464">
     <span class='ocr_line' id='line_1_24' title="bbox 287 3230 1311 3336; baseline -0.002 -26"><span class='ocrx_word' id='word_1_157' title='bbox 287 3230 338 3312; x_wconf 90' lang='grc'>43</span> <span class='ocrx_word' id='word_1_158' title='bbox 361 3237 567 3312; x_wconf 91' lang='lat' dir='ltr'>dilexerunt</span> <span class='ocrx_word' id='word_1_159' title='bbox 581 3238 678 3312; x_wconf 89' lang='lat' dir='ltr'>enim</span> <span class='ocrx_word' id='word_1_160' title='bbox 693 3238 845 3336; x_wconf 85' lang='lat' dir='ltr'>gloriam</span> <span class='ocrx_word' id='word_1_161' title='bbox 859 3238 1048 3313; x_wconf 90' lang='lat' dir='ltr'>hominnm</span> <span class='ocrx_word' id='word_1_162' title='bbox 1064 3237 1192 3334; x_wconf 90' lang='lat' dir='ltr'>magis,</span> <span class='ocrx_word' id='word_1_163' title='bbox 1202 3258 1311 3335; x_wconf 90' lang='lat' dir='ltr'>quam</span> 
     </span>
     <span class='ocr_line' id='line_1_25' title="bbox 177 3361 924 3464; baseline -0.001 -26"><span class='ocrx_word' id='word_1_164' title='bbox 177 3365 331 3464; x_wconf 84' lang='lat' dir='ltr'>gloriam</span> <span class='ocrx_word' id='word_1_165' title='bbox 360 3366 438 3441; x_wconf 89' lang='lat' dir='ltr'>Dei.</span> <span class='ocrx_word' id='word_1_166' title='bbox 921 3361 924 3367; x_wconf 78' lang='grc'><strong>’</strong></span> 
     </span>
    </p>

    <p class='ocr_par' dir='ltr' id='par_1_11' title="bbox 177 3489 1313 3723">
     <span class='ocr_line' id='line_1_26' title="bbox 285 3489 1313 3587; baseline -0.002 -19"><span class='ocrx_word' id='word_1_167' title='bbox 285 3489 337 3568; x_wconf 95' lang='grc'>44</span> <span class='ocrx_word' id='word_1_168' title='bbox 364 3495 466 3569; x_wconf 89' lang='lat' dir='ltr'>lesus</span> <span class='ocrx_word' id='word_1_169' title='bbox 503 3509 627 3571; x_wconf 89' lang='lat' dir='ltr'>autem</span> <span class='ocrx_word' id='word_1_170' title='bbox 660 3496 846 3580; x_wconf 84' lang='lat' dir='ltr'>clamavit,</span> <span class='ocrx_word' id='word_1_171' title='bbox 879 3510 918 3571; x_wconf 89' lang='lat' dir='ltr'>ct</span> <span class='ocrx_word' id='word_1_172' title='bbox 932 3498 1036 3572; x_wconf 85' lang='lat' dir='ltr'>dixit:</span> <span class='ocrx_word' id='word_1_173' title='bbox 1054 3496 1123 3587; x_wconf 83' lang='lat' dir='ltr'>Qui</span> <span class='ocrx_word' id='word_1_174' title='bbox 1147 3495 1262 3571; x_wconf 88' lang='lat' dir='ltr'>credit</span> <span class='ocrx_word' id='word_1_175' title='bbox 1277 3494 1313 3567; x_wconf 94' lang='lat' dir='ltr'>in</span> 
     </span>
     <span class='ocr_line' id='line_1_27' title="bbox 177 3624 1148 3723; baseline 0 -27"><span class='ocrx_word' id='word_1_176' title='bbox 177 3645 253 3708; x_wconf 88' lang='lat' dir='ltr'>me,</span> <span class='ocrx_word' id='word_1_177' title='bbox 268 3645 341 3697; x_wconf 94' lang='lat' dir='ltr'>non</span> <span class='ocrx_word' id='word_1_178' title='bbox 361 3624 477 3698; x_wconf 89' lang='lat' dir='ltr'>credit</span> <span class='ocrx_word' id='word_1_179' title='bbox 490 3625 527 3696; x_wconf 95' lang='lat' dir='ltr'>in</span> <span class='ocrx_word' id='word_1_180' title='bbox 547 3647 619 3710; x_wconf 91' lang='lat' dir='ltr'>me,</span> <span class='ocrx_word' id='word_1_181' title='bbox 635 3625 699 3698; x_wconf 87' lang='lat' dir='ltr'>sed</span> <span class='ocrx_word' id='word_1_182' title='bbox 714 3625 750 3698; x_wconf 94' lang='lat' dir='ltr'>in</span> <span class='ocrx_word' id='word_1_183' title='bbox 765 3648 863 3709; x_wconf 85' lang='lat' dir='ltr'>eum,</span> <span class='ocrx_word' id='word_1_184' title='bbox 881 3624 943 3723; x_wconf 93' lang='lat' dir='ltr'>qui</span> <span class='ocrx_word' id='word_1_185' title='bbox 961 3624 1062 3699; x_wconf 92' lang='lat' dir='ltr'>misit</span> <span class='ocrx_word' id='word_1_186' title='bbox 1076 3647 1148 3698; x_wconf 87' lang='lat' dir='ltr'>me.</span> 
     </span>
    </p>

    <p class='ocr_par' dir='ltr' id='par_1_12' title="bbox 287 3743 1286 3851">
     <span class='ocr_line' id='line_1_28' title="bbox 287 3743 1286 3851; baseline -0.003 -27"><span class='ocrx_word' id='word_1_187' title='bbox 287 3743 337 3824; x_wconf 85' lang='grc'>45</span> <span class='ocrx_word' id='word_1_188' title='bbox 365 3749 414 3823; x_wconf 87' lang='lat' dir='ltr'>Et</span> <span class='ocrx_word' id='word_1_189' title='bbox 440 3751 501 3849; x_wconf 92' lang='lat' dir='ltr'>qni</span> <span class='ocrx_word' id='word_1_190' title='bbox 529 3751 628 3825; x_wconf 88' lang='lat' dir='ltr'>videt</span> <span class='ocrx_word' id='word_1_191' title='bbox 656 3774 728 3837; x_wconf 85' lang='lat' dir='ltr'>me,</span> <span class='ocrx_word' id='word_1_192' title='bbox 757 3752 856 3851; x_wconf 87' lang='lat' dir='ltr'>videt</span> <span class='ocrx_word' id='word_1_193' title='bbox 883 3751 1058 3849; x_wconf 87' lang='lat' dir='ltr'>eum,qui</span> <span class='ocrx_word' id='word_1_194' title='bbox 1086 3749 1186 3824; x_wconf 89' lang='lat' dir='ltr'>misit</span> <span class='ocrx_word' id='word_1_195' title='bbox 1213 3770 1286 3822; x_wconf 91' lang='lat' dir='ltr'>me.</span> 
     </span>
    </p>

    <p class='ocr_par' dir='ltr' id='par_1_13' title="bbox 177 3870 1315 4090">
     <span class='ocr_line' id='line_1_29' title="bbox 287 3870 1315 3976; baseline 0.002 -27"><span class='ocrx_word' id='word_1_196' title='bbox 287 3870 337 3952; x_wconf 84' lang='grc'>46</span> <span class='ocrx_word' id='word_1_197' title='bbox 365 3876 442 3976; x_wconf 87' lang='lat' dir='ltr'>Ego</span> <span class='ocrx_word' id='word_1_198' title='bbox 469 3879 533 3952; x_wconf 91' lang='lat' dir='ltr'>lux</span> <span class='ocrx_word' id='word_1_199' title='bbox 561 3880 598 3952; x_wconf 94' lang='lat' dir='ltr'>in</span> <span class='ocrx_word' id='word_1_200' title='bbox 626 3879 801 3953; x_wconf 92' lang='lat' dir='ltr'>mundum</span> <span class='ocrx_word' id='word_1_201' title='bbox 829 3879 924 3955; x_wconf 84' lang='lat' dir='ltr'>reni:</span> <span class='ocrx_word' id='word_1_202' title='bbox 940 3891 982 3954; x_wconf 91' lang='lat' dir='ltr'>ut</span> <span class='ocrx_word' id='word_1_203' title='bbox 1009 3877 1140 3966; x_wconf 88' lang='lat' dir='ltr'>omnis,</span> <span class='ocrx_word' id='word_1_204' title='bbox 1156 3876 1217 3976; x_wconf 90' lang='lat' dir='ltr'>qni</span> <span class='ocrx_word' id='word_1_205' title='bbox 1237 3899 1315 3951; x_wconf 87' lang='lat' dir='ltr'>cre-</span> 
     </span>
     <span class='ocr_line' id='line_1_30' title="bbox 177 3984 1100 4090; baseline 0.003 -13"><span class='ocrx_word' id='word_1_206' title='bbox 177 4002 233 4078; x_wconf 83' lang='lat' dir='ltr'>dit</span> <span class='ocrx_word' id='word_1_207' title='bbox 260 4002 297 4077; x_wconf 93' lang='lat' dir='ltr'>in</span> <span class='ocrx_word' id='word_1_208' title='bbox 323 4027 396 4090; x_wconf 91' lang='lat' dir='ltr'>me,</span> <span class='ocrx_word' id='word_1_209' title='bbox 425 4006 461 4078; x_wconf 91' lang='lat' dir='ltr'>in</span> <span class='ocrx_word' id='word_1_210' title='bbox 489 4006 650 4081; x_wconf 88' lang='lat' dir='ltr'>tenebris</span> <span class='ocrx_word' id='word_1_211' title='bbox 677 4030 749 4081; x_wconf 96' lang='lat' dir='ltr'>non</span> <span class='ocrx_word' id='word_1_212' title='bbox 776 3993 936 4082; x_wconf 86' lang='lat' dir='ltr'>mancat.</span> <span class='ocrx_word' id='word_1_213' title='bbox 998 3984 1002 3995; x_wconf 44' lang='lat'>¹</span> <span class='ocrx_word' id='word_1_214' title='bbox 1098 3986 1100 3991; x_wconf 11' lang='grc' dir='ltr'><em>Α</em></span> 
     </span>
    </p>

    <p class='ocr_par' dir='ltr' id='par_1_14' title="bbox 287 4124 1314 4231">
     <span class='ocr_line' id='line_1_31' title="bbox 287 4124 1314 4231; baseline -0.002 -28"><span class='ocrx_word' id='word_1_215' title='bbox 287 4124 337 4203; x_wconf 84' lang='grc'>47</span> <span class='ocrx_word' id='word_1_216' title='bbox 366 4129 415 4205; x_wconf 83' lang='lat' dir='ltr'>Et</span> <span class='ocrx_word' id='word_1_217' title='bbox 441 4133 471 4206; x_wconf 90' lang='lat' dir='ltr'>si</span> <span class='ocrx_word' id='word_1_218' title='bbox 499 4133 579 4231; x_wconf 93' lang='lat' dir='ltr'>quis</span> <span class='ocrx_word' id='word_1_219' title='bbox 608 4134 760 4210; x_wconf 91' lang='lat' dir='ltr'>audierit</span> <span class='ocrx_word' id='word_1_220' title='bbox 788 4133 900 4212; x_wconf 84' lang='lat' dir='ltr'>verba</span> <span class='ocrx_word' id='word_1_221' title='bbox 929 4130 1081 4222; x_wconf 71' lang='lat' dir='ltr'>mea,&#39;et</span> <span class='ocrx_word' id='word_1_222' title='bbox 1099 4155 1170 4206; x_wconf 93' lang='lat' dir='ltr'>non</span> <span class='ocrx_word' id='word_1_223' title='bbox 1198 4143 1314 4207; x_wconf 78' lang='lat' dir='ltr'>emto</span> 
     </span>
    </p>
   </div>
   <div class='ocr_carea' id='block_1_3' title="bbox 0 0 1511 4912">
    <p class='ocr_par' dir='ltr' id='par_1_15' title="bbox 0 0 1511 4912">
     <span class='ocr_line' id='line_1_32' title="bbox 0 0 1511 4912; baseline 0 0"><span class='ocrx_word' id='word_1_224' title='bbox 0 0 1511 4912; x_wconf 95' lang='lat' dir='ltr'> </span> 
     </span>
    </p>
   </div>
  </div>
 </body>
</html>
