2986 4912
532 327 635 374 11111
658 331 799 378 urorum
821 331 950 380 srxrvu
1008 318 1015 329 '
1257 323 1317 390 193

169 407 250 469 hora
279 414 415 472 mortem
438 411 623 477 obiturum.
639 413 801 478 -Verba
822 425 851 478 et
870 417 983 480 iterum
1001 420 1169 496 modicum,
1184 433 1212 485 et
1232 423 1317 486 vide-

171 507 245 572 bitis
259 528 319 583 ene,
335 513 438 576 videri
461 522 592 596 possent
613 518 698 580 dicta
722 519 762 581 de
782 520 853 600 ipso
869 521 997 584 Christo
1021 522 1113 584 brevi
1137 531 1210 605 post
1228 545 1315 588 mor·

177 622 242 674 tem
267 615 446 695 revictum,
462 625 507 694 at,
526 619 552 680 si
572 620 615 681 ita
642 621 721 684 haec
745 621 917 701 intelligas,
942 623 1012 699 illa,
1032 642 1116 703 quae
1139 626 1246 688 stetim
1267 647 1316 690 se·

171 723 332 792 quuntur,
364 718 426 779 hoc
447 728 495 780 est
517 717 594 798 qnia
614 724 695 783 vade
716 724 758 784 ad
773 733 908 802 patrem,
925 726 1123 804 pertinerent
1142 728 1251 805 potius
1271 729 1312 791 ad

172 819 376 897 superiorem
398 821 649 884 enuntiationem
669 821 838 896 modicum,
863 834 891 885 et
910 843 976 886 non
997 823 1142 888 videbitis
1154 846 1214 900 me,
1229 829 1315 891 eius·

175 939 241 999 quo
275 921 435 983 rationem
471 924 687 1000 exhiberent,
713 926 756 986 ita
781 945 846 987 non
872 946 932 990 suo
964 929 1037 991 loco
1062 930 1164 1010 posita
1195 930 1313 995 forent.

175 1019 286 1097 Quare
320 1024 457 1086 alteram
485 1026 583 1087 huius
611 1045 726 1088 versus
749 1033 896 1107 partem,
926 1029 1013 1107 quod
1041 1050 1081 1092 ex
1113 1031 1149 1092 iis
1181 1051 1314 1112 quoque

173 1125 389 1204 comperimus
410 1144 495 1204 quae
516 1127 659 1190 dicemus
679 1127 719 1190 de
739 1147 779 1197 ,1.
805 1126 857 1203 17,
883 1130 928 1190 ita
956 1131 1228 1210 interpretandam
1243 1152 1313 1197 esse

175 1225 416 1288 existimarem:
445 1227 611 1288 etiterum
637 1227 806 1300 modicum,
831 1239 860 1290 et
880 1224 1026 1291 sedebitis
1052 1249 1099 1292 me
1123 1230 1169 1292 ire
1192 1234 1235 1295 ad
1254 1254 1315 1314 pa·

174 1333 265 1398 trem,
288 1336 326 1389 ut
354 1326 386 1387 in
411 1346 449 1389 ea
474 1347 538 1390 ror
561 1326 717 1390 modicum
748 1329 814 1390 dies
845 1329 1000 1408 significet
1025 1331 1211 1395 interiectos
1230 1334 1316 1396 inter

174 1422 295 1489 Christi
322 1427 462 1489 reditum
486 1427 518 1488 in
542 1428 641 1490 vitam
666 1429 801 1507 eiusque
821 1430 1011 1493 adscensum
1039 1432 1078 1493 ad
1104 1433 1222 1496 caelos.

258 1545 312 1589 vv.
347 1524 396 1591 17.
429 1521 479 1590 18.
514 1526 649 1602 Quoties
677 1529 892 1607 evangelistae
923 1527 1088 1593 Christum
1116 1532 1156 1595 de
1182 1552 1217 1596 se
1244 1541 1318 1615 post

172 1628 296 1690 obitum
329 1629 369 1689 ad
402 1629 504 1692 vitam
528 1630 676 1692 redituro
705 1631 944 1709 colloquentem
971 1651 1047 1694 cum
1079 1633 1244 1715 discipulis
1268 1637 1316 1698 in·

177 1730 322 1804 ducunt,
350 1731 444 1793 toties
469 1731 527 1793 hos
551 1736 684 1806 notant,
711 1732 829 1810 utqui
856 1733 937 1793 nihil
960 1752 998 1795 ea
1027 1733 1066 1796 de
1093 1753 1129 1797 re
1157 1736 1315 1817 intellige-

179 1836 261 1891 rent.
281 1828 368 1909 Lege
383 1829 487 1894 Marc.
504 1829 561 1909 IX,
584 1828 614 1895 9.
626 1828 679 1910 313
694 1830 774 1894 Luc.
789 1829 910 1909 XVIII,
935 1828 987 1913 343
1009 1832 1056 1896 Io.
1072 1832 1115 1912 II,
1131 1833 1182 1901 19.
1203 1836 1253 1902 22.
1278 1837 1314 1900 Id

175 1933 303 2010 ipsum,
326 1951 430 2011 quum
451 1933 537 1994 hund
565 1951 746 1995 sermonem
767 1932 914 1996 Christus
934 1935 1080 2011 haberet,
1097 1938 1248 2001 accidisse
1267 1940 1315 2001 vi-

176 2031 301 2094 demus.
316 2029 433 2109 Neque
451 2031 536 2093 enim
550 2031 741 2094 obscuriora
763 2033 838 2112 ipsis
851 2052 921 2096 esse
935 2041 1084 2113 poterant
1103 2036 1208 2116 prima
1222 2036 1315 2101 Chri-

172 2118 214 2194 s‘ti
238 2132 338 2193 verbe
361 2129 535 2204 Modicum,
550 2141 578 2192 et
592 2130 657 2194 iam
680 2151 745 2193 non
772 2131 916 2195 videbitis
935 2153 995 2208 me,
1020 2137 1046 2198 is
1071 2156 1211 2217 namque
1234 2142 1311 2204 satis

176 2241 289 2315 aperte
310 2252 369 2296 nec
394 2235 495 2296 semel
519 2241 643 2298 tantum
664 2234 901 2313 significaverat
928 2256 962 2299 se
984 2239 1076 2301 brevi
1100 2242 1312 2323 moriturum;

173 2353 279 2415 neque
306 2337 364 2397 illa
385 2345 413 2398 et
439 2335 552 2397 iterum
576 2334 721 2397 videbitis
750 2354 819 2409 mc,
846 2357 948 2416 quum
976 2340 1105 2403 mInime
1129 2342 1315 2407 dubitarent

175 2423 352 2513 Christum,
376 2455 439 2498 non
467 2455 560 2500 secus
585 2455 623 2498 ac
648 2442 773 2498 ceteros
797 2437 954 2514 homines,
974 2441 1148 2518 aliquando
1173 2443 1314 2508 revictu-

174 2554 261 2617 rum3
283 2541 339 2602 sed
363 2558 469 2618 neque
493 2547 656 2622 postrema
671 2540 771 2602 verba
794 2537 869 2621 quia
893 2541 974 2600 vado
999 2542 1041 2602 cd
1058 2550 1194 2619 patrem,
1213 2545 1314 2624 siqui·

174 2642 247 2703 dem
272 2642 352 2702 haec
379 2646 484 2703 essent
510 2659 585 2721 pars
610 2641 727 2721 prioris
755 2640 981 2703 enuntiationis
1005 2640 1178 2718 Modicum,
1198 2651 1227 2704 et
1245 2643 1312 2707 iam

174 2761 239 2803 non
262 2739 406 2803 videbitis
432 2760 492 2815 me,
517 2761 619 2821 quum
645 2742 815 2804 crederent
829 2740 994 2805 Christum
1018 2741 1078 2805 Dei
1102 2743 1205 2805 tilium
1229 2762 1310 2821 esse,

176 2848 414 2923 proptereaque
435 2849 575 2905 mortem
595 2843 744 2905 obeundo
766 2843 806 2904 ad
830 2850 956 2923 patrem
977 2844 1110 2906 reverti.
1131 2842 1255 2906 Verum
1275 2845 1313 2905 il·

173 2946 233 3008 lud
257 2944 480 3007 inextricabile
506 2946 551 3007 eis
579 2946 772 3021 videbatur,
803 2947 890 3025 quod
913 2943 1061 3008 Christus
1086 2945 1213 3024 aiebat,
1240 2946 1311 3009 lore

175 3052 215 3108 ut
239 3047 330 3108 brevi
355 3054 428 3126 post
451 3047 551 3125 ipsius
579 3047 703 3108 obitum
718 3047 864 3108 viderent
888 3065 963 3109 eum
984 3047 1026 3107 ad
1047 3054 1173 3126 patrem
1188 3046 1309 3123 redite,

176 3148 299 3226 illaque
328 3166 394 3210 vox
417 3146 573 3208 modicum
594 3147 791 3227 potissimam
813 3146 1033 3210 difficultatem
1055 3149 1199 3226 creabat,
1228 3147 1313 3212 sicut

172 3249 324 3311 discimus
351 3268 393 3310 ex
418 3268 449 3312 v.
479 3245 529 3312 18.

256 3369 309 3412 vv.
332 3345 373 3416 20
385 3383 400 3395 -
411 3346 462 3412 22.
487 3347 572 3424 Quid
588 3350 668 3411 haee
683 3368 758 3412 cum
773 3350 972 3413 dubitatione
994 3351 1159 3432 discipulis
1173 3349 1311 3415 iniecta?

175 3447 236 3512 Sed
265 3451 351 3513 enim
383 3469 448 3512 non
476 3468 562 3512 unus
591 3450 642 3510 hio
669 3449 762 3513 locus
786 3457 836 3513 est
856 3451 887 3511 in
914 3470 979 3529 quo
1005 3449 1152 3514 Christus
1173 3452 1236 3514 alia
1260 3471 1312 3515 re-

172 3553 337 3633 spondisse
358 3552 509 3614 videatur
533 3569 571 3613 ac
596 3552 895 3631 quaerogahatur3
918 3552 949 3613 id
974 3560 1081 3615 tamen
1104 3553 1136 3613 in
1156 3554 1309 3633 speeiem,

172 3671 208 3715 re
236 3654 320 3715 enim
349 3637 450 3728 vera,
476 3653 503 3714 si
527 3653 751 3714 huiuscemodi
767 3652 857 3714 locos
882 3654 1034 3714 attentius
1049 3654 1253 3733 inspiciamus
1278 3659 1311 3716 et

173 3754 428 3830 consideremus,
456 3753 696 3834 pervidebImus
720 3760 757 3815 ut
782 3752 851 3815 eius
877 3772 1028 3833 respoma
1054 3773 1231 3833 numquam
1246 3773 1309 3817 uon

173 3855 296 3918 luerint
321 3856 362 3917 ob
388 3875 478 3930 rem,
504 3855 602 3934 idque
627 3856 690 3915 iam
720 3855 891 3933 aliquotIes
922 3856 1105 3916 notavimus
1130 3854 1163 3913 in
1190 3852 1309 3917 Christi

171 3957 374 4019 sermonibus
395 3975 414 4017 a
437 3953 555 4017 Ioanne
580 3955 760 4034 descriptis,
776 3961 874 4034 atque
898 3954 979 4016 adeo
1004 3955 1036 4013 in
1061 3954 1123 4015 hoc
1146 3954 1214 4032 ipso
1233 3954 1307 4016 loco

173 4060 294 4120 lactum
324 4058 551 4137 comperimus.
579 4056 705 4119 Etenim
728 4058 760 4117 in
789 4051 884 4121 1120
912 4055 1060 4119 Christus
1080 4054 1119 4116 de
1148 4054 1211 4116 illis
1231 4055 1307 4134 ipsis

173 4161 271 4222 rebus
296 4160 446 4238 loquitur
470 4159 510 4220 de
541 4158 659 4236 quibus
688 4159 816 4220 diuerat
846 4157 932 4218 inv.
962 4151 1014 4232 16,
1041 4173 1187 4319 (1111131111
1216 4153 1307 4217 disci-
