2986 4912
264 313 326 385 attii
609 336 639 383 m
662 335 799 384 {osunen
813 336 1070 385 connenrlmvu

346 440 378 484 v.
400 419 431 485 lt.
455 420 522 500 Epo
543 430 570 482 te
591 419 768 501 clarificavi
781 439 874 500 cuper
889 431 1024 495 terram
1041 424 1103 487 boe
1118 421 1268 487 Christus
1290 425 1323 485 in
1346 430 1412 486 ter-

271 521 315 584 rio
329 521 446 601 degens
467 522 561 584 unice
575 522 782 600 quaesiverat
802 528 1054 601 curaveratque,
1076 523 1240 604 patrissui
1256 523 1409 604 gloriam.

271 655 312 667 --
328 617 413 700 Opus
433 619 666 693 eonsummooi5
687 620 840 683 nimirum
860 621 943 683 illud
963 622 1004 685 de
1024 642 1090 702 quo
1110 623 1143 685 in
1163 643 1217 688 vv.
1238 621 1271 688 2.
1293 622 1314 688 3
1336 643 1413 687 rnr-

271 741 392 801 snsque
413 723 445 783 in
465 742 519 787 vv.
536 720 583 786 6·
596 720 626 786 8.

351 845 382 888 v.
405 822 436 888 5.
460 823 599 905 Tempus
618 832 667 887 est
687 832 725 888 ut
744 827 885 887 humana
916 845 1048 907 qnoque
1068 833 1212 904 natura,
1236 846 1337 907 quam
1365 845 1415 889 as-

271 927 404 1007 sumpsi,
427 946 465 989 ea
486 928 590 1006 gloria
611 928 696 1007 apud
720 933 749 989 te
770 928 833 989 iam
856 928 999 1004 truatur,
1017 947 1081 1008 qua
1098 929 1184 1009 apud
1206 934 1237 991 te
1259 931 1301 990 ab
1321 929 1413 992 omni

271 1028 459 1089 aeternitate
480 1029 547 1108 ipse
569 1027 627 1105 ini,
651 1034 764 1108 utpote
786 1028 873 1107 quod
895 1048 955 1108 ego
970 1035 1003 1091 et
1017 1034 1054 1092 tu
1066 1048 1169 1092 unum
1186 1030 1299 1093 simus.
1323 1029 1413 1110 Lege

271 1126 538 1211 Chrysostomum
559 1138 592 1192 et
612 1129 784 1213 Cyrillum.

349 1251 381 1293 v.
403 1229 433 1296 6.
456 1229 664 1311 Manifestaei
686 1249 799 1291 nomen
829 1239 917 1293 tuum
937 1230 1128 1305 bominibus,
1150 1232 1190 1294 de
1211 1238 1242 1295 te
1263 1233 1412 1294 homines

272 1333 369 1396 docui
390 1351 474 1412 quae
488 1332 622 1394 docendi
643 1339 745 1394 erant.
762 1332 880 1412 Liquet
900 1352 1013 1394 nomen
1026 1316 1059 1395 in
1073 1335 1135 1396 hoe
1154 1335 1230 1396 loeo
1243 1352 1309 1396 non
1324 1333 1412 1395 idem

271 1452 340 1496 esse
361 1453 399 1495 ac
420 1435 618 1495 vocabulum
639 1453 705 1512 quo
727 1434 798 1513 quis
820 1440 980 1513 vocatur,
1003 1436 1058 1497 sed
1079 1436 1112 1496 id
1133 1436 1220 1515 quod
1252 1436 1327 1515 quis
1351 1440 1408 1497 est.

271 1534 357 1614 Lege
378 1553 461 1614 quae
483 1535 622 1597 diximus
643 1535 683 1596 de
704 1532 751 1596 lo,
774 1533 850 1611 Xll,
871 1533 923 1599 28.
945 1533 1055 1610 Quum
1077 1536 1226 1599 Christus
1245 1555 1312 1598 non
1334 1536 1412 1598 solis

273 1636 437 1716 discipulis
456 1634 706 1716 manifestaverit
725 1655 837 1697 nomen
853 1635 971 1716 patris,
986 1637 1030 1699 ita
1052 1639 1132 1700 baec
1152 1636 1412 1718 interpungenda

272 1754 342 1798 esse
362 1736 534 1798 videntur:
557 1734 773 1817 Manifestaei'
793 1754 905 1796 nomen
933 1744 1020 1797 tuum
1040 1734 1228 1800 bominibus.
1254 1733 1342 1811 Quos
1364 1738 1414 1797 de-

274 1833 352 1896 disti
370 1834 461 1908 mibi,
483 1834 531 1897 tui
552 1844 655 1908 erent,
682 1845 710 1896 et
733 1845 846 1908 cetero,
872 1823 1002 1915 unaque
1023 1843 1071 1898 est
1092 1855 1133 1900 ex
1154 1837 1218 1900 illis
1238 1839 1415 1900 sententia-

275 1955 349 1999 rum
370 1937 604 2000 inversionibus
626 1935 737 1999 loanni
758 1938 900 1999 usitatis.

357 2036 504 2102 Christus
519 2041 578 2101 bac
593 2039 827 2119 discipulorum
848 2041 1008 2102 mentione
1028 2040 1141 2104 iniecta
1163 2041 1338 2103 transitum
1361 2059 1416 2122 pa-

274 2148 326 2205 rat
345 2141 386 2205 ad
406 2161 518 2224 preces
540 2161 620 2222 quas
641 2160 702 2221 pro
716 2141 761 2202 eis
774 2142 859 2221 patri
880 2141 1085 2205 adhibiturus
1100 2160 1177 2205 mox
1191 2148 1252 2220 est,
1268 2143 1413 2222 illosque

276 2246 465 2308 collaudans
480 2264 532 2308 vv.
556 2241 636 2308 6-8
657 2244 803 2305 favorem
825 2244 870 2305 eis
890 2245 931 2305 ad
952 2250 1091 2324 patrem,
1105 2246 1196 2326 qnasi
1217 2246 1249 2307 in
1270 2251 1416 2308 anteces-

277 2366 372 2423 sum,
396 2346 555 2409 eonciliat.
578 2342 759 2406 -Deinde
779 2363 840 2424 pro
861 2344 906 2406 eis
926 2352 1082 2424 precatur
1101 2366 1133 2411 v.
1155 2343 1194 2422 9,
1215 2378 1255 2390 -
1275 2351 1329 2422 et,
1354 2364 1415 2408 our

277 2447 386 2523 iaciat,
408 2447 549 2508 rationes
570 2444 666 2507 ailert
686 2463 739 2505 vv.
754 2440 865 2508 9-lt.
881 2442 1019 2506 -Tum
1039 2445 1120 2524 petit
1139 2446 1246 2525 primo
1264 2453 1301 2506 ut
1314 2463 1415 2507 unum

277 2548 355 2626 sint,
377 2551 486 2628 itaque
507 2552 579 2627 post
599 2546 698 2625 ipsius
713 2545 895 2607 'discessum
916 2551 1066 2608 maneant
1086 2566 1140 2609 vv.
1162 2545 1200 2610 ll
1215 2543 1295 2624 -13‚
1311 2579 1354 2592 -
1367 2565 1416 2610 se-

280 2651 386 2713 eundo
417 2656 455 2712 ut
477 2653 571 2728 pater
591 2665 646 2708 eos
666 2647 698 2707 in
719 2647 839 2709 mundo
871 2648 1021 2726 degentes
1051 2656 1162 2711 servet
1181 2666 1200 2708 a
1222 2649 1335 2709 mundi
1357 2648 1416 2710 im-

279 2752 441 2834 probitate
462 2768 515 2812 vv.
530 2744 570 2813 'ill
583 2781 597 2791 -
610 2743 661 2822 16,
677 2747 826 2809 -tertio
848 2756 887 2809 ut
906 2767 960 2810 eos
983 2748 1158 2810 sanctificet
1169 2767 1223 2811 vv.
1240 2746 1365 2814 17-19.
1378 2784 1416 2794 —

280 2853 378 2916 Addit
398 2870 463 2914 non
482 2869 542 2930 pro
564 2848 727 2928 discipulis
741 2849 946 2912 solummodo
967 2868 1001 2911 se
1022 2834 1161 2929 precari,
1178 2849 1277 2911 sedet
1292 2869 1356 2930 pro
1372 2848 1414 2911 eis

280 2952 335 3036 qui
361 2949 512 3014 credituri
531 2940 606 3011 sint
631 2969 690 3028 per
714 2951 965 3011 verberatorem
988 2969 1019 3014 v.
1041 2947 1093 3027 26,
1116 2950 1357 3030 —iisdemque
1384 2969 1416 3013 o-

280 3054 407 3114 mnibus
429 3056 576 3113 mutuam
597 3053 779 3112 animorum
796 3051 1053 3112 coniunctionem
1067 3050 1301 3127 vehementius
1317 3068 1357 3112 ae
1373 3051 1416 3112 le·

281 3160 392 3230 cerat,
415 3152 495 3232 petit
515 3171 568 3215 vv.
589 3148 628 3214 21
643 3186 658 3197 -
671 3150 732 3228 23,
754 3187 795 3198 -
815 3170 853 3213 ae
876 3152 1002 3215 tandem
1033 3152 1205 3214 caelestem
1225 3152 1415 3214 beatitatem

280 3275 313 3318 v.
329 3253 379 3319 24.
393 3289 432 3298 -
443 3252 665 3315 Precationem
686 3252 824 3330 denique
845 3252 1010 3314 concludit
1023 3251 1204 3331 profitendo
1217 3270 1251 3312 se
1266 3250 1414 3315 doctrina

283 3376 341 3421 sua
363 3357 395 3418 id
416 3356 557 3419 voluisse
579 3373 684 3433 eoque
709 3358 869 3433 spectasse
891 3361 949 3431 ut,
973 3372 1114 3433 quorum
1146 3360 1267 3415 mentes
1287 3353 1354 3414 iam
1376 3353 1415 3415 ad

280 3459 376 3521 [idem
397 3457 621 3529 informasset,
635 3454 835 3516 eorumdem
856 3454 978 3516 animos
1001 3453 1106 3515 divina
1127 3454 1271 3516 caritatis
1293 3455 1417 3517 virtute

279 3567 410 3624 ornatos
433 3561 674 3636 instructosque
694 3556 761 3636 ipse
782 3557 961 3636 possideret
989 3575 1043 3618 vv.
1065 3554 1116 3618 25.
1139 3553 1313 3619 26.-Ηίε
1333 3557 1418 3637 posi-

186 3700 187 3705 *
282 3665 321 3726 tis
342 3683 380 3726 ac
402 3660 614 3742 praecognitis
645 3677 759 3737 magna
790 3658 988 3720 difficultatis
1018 3677 1093 3738 pars
1119 3664 1225 3720 amota
1248 3664 1297 3720 est
1318 3676 1417 3738 quam

282 3766 344 3826 hoe
364 3764 439 3824 libri
461 3766 559 3841 caput
581 3761 688 3821 lacere
710 3759 851 3822 videtur.
875 3758 970 3834 Quod
992 3765 1151 3839 superest,
1168 3758 1295 3838 singula
1317 3778 1417 3841 expo·

280 3884 394 3927 namus
416 3882 500 3942 quae
521 3861 681 3923 illustrari
701 3879 801 3941 porro
823 3859 973 3940 indigent.

360 3985 391 4026 v.
414 3962 444 4024 7.
469 3960 670 4023 Adverbium
702 3978 787 4021 nune
809 3979 872 4020 non
894 3959 1052 4038 significat
1073 3959 1248 4040 discipulos
1269 3958 1329 4021 illa
1349 3960 1417 4040 ipsa

284 4069 363 4128 bora
386 4065 465 4124 baec
486 4061 694 4139 cognovisse,
716 4062 771 4122 sed
794 4061 877 4121 idern
899 4060 986 4122 valet
1007 4079 1044 4122 ac
1070 4059 1154 4132 iam;
1177 4078 1275 4140 quem
1297 4061 1330 4121 in
1350 4079 1420 4122 sen·

283 4188 355 4230 sum
375 4167 407 4226 in
432 4165 502 4225 aliis
524 4182 653 4242 quoque
675 4163 771 4225 buius
794 4162 951 4241 evangelii
971 4163 1051 4226 loeis
1067 4169 1262 4242 usurpatum
1283 4162 1418 4241 legitur,
