2986 4912
298 347 338 415 38
646 359 675 406 m
697 355 833 419 rolnnnn
856 330 1103 404 eosrnnnrlmvn

300 433 616 531 ludaeos'loquutus
638 446 756 508 iuerat.
780 440 898 506 Sensus
920 447 1029 504 autom
1050 448 1109 504 est:
1133 439 1166 505 Si
1186 442 1265 505 mihi
1288 458 1352 506 non
1374 457 1450 506 cre·

298 552 371 616 ditis
399 568 501 632 quum
525 545 615 612 vobis
648 565 685 608 ea
709 547 830 624 loquor
854 560 938 622 quae
963 542 1003 603 ad
1032 560 1090 606 vos
1115 543 1277 622 pertinent
1301 561 1362 606 nee
1391 559 1448 607 ea·

297 660 390 734 ptum
410 656 555 715 vestrum
582 654 748 728 superant,
778 645 882 707 multo
913 645 1017 707 minus
1045 643 1125 705 mihi
1152 644 1289 708 credetis
1303 644 1344 706 de
1365 644 1447 707 sub-

295 751 477 815 limioribus
499 750 596 813 rebus
617 747 797 824 disserenti,
820 746 859 808 de
881 743 1062 808 coelestibus
1085 745 1233 826 inquam,
1257 763 1342 824 quae
1378 745 1445 807 aci-

296 873 365 916 mus
388 860 421 917 et
447 851 583 914 vidimus
610 870 641 915 v.
668 846 717 912 11.

376 974 407 1017 v.
433 950 483 1016 13.
510 950 626 1030 Neque
653 949 743 1012 vobis
765 948 959 1028 sperandum
981 955 1030 1010 est
1048 967 1141 1029 posse
1164 967 1221 1011 ros
1246 948 1279 1007 in
1310 948 1443 1010 caelum

298 1053 571 1118 conscenderent
594 1053 672 1111 hirec
686 1050 745 1129 ipsi
766 1049 913 1123 videatis,
938 1067 1041 1127 neque
1064 1048 1153 1109 aliud
1175 1054 1306 1127 praeter
1326 1065 1440 1110 meum

297 1154 515 1218 testinnonium
542 1150 817 1230 exspectandum3
846 1167 920 1210 nam
948 1167 1036 1218 nemo
1057 1149 1213 1210 haetenus
1237 1145 1381 1208 escendit
1403 1146 1442 1209 in

298 1258 417 1318 eraclam
439 1252 504 1314 enisi
524 1272 594 1332 ego.
608 1250 795 1313 -Frustra
816 1258 892 1313 sunt
912 1251 969 1329 qui
990 1256 1154 1330 quaerunt
1168 1250 1330 1329 quomodo
1347 1247 1442 1313 Chri·

297 1363 365 1418 stus
395 1360 471 1416 tunc
495 1353 602 1414 dicere
624 1351 769 1432 potuerit
794 1371 828 1414 se
852 1349 1026 1413 escendisse
1053 1351 1085 1412 in
1110 1352 1250 1430 eaelum3
1267 1368 1330 1411 non
1352 1349 1440 1411 enim

297 1455 329 1516 id
358 1455 450 1530 dixit,
480 1472 585 1532 nequo
610 1452 642 1512 id
663 1451 801 1515 efficitur
828 1470 871 1513 en
896 1452 955 1513 illo
983 1449 1061 1524 nisi,
1086 1451 1173 1531 quod
1198 1469 1262 1512 non
1283 1450 1442 1530 significat

297 1574 400 1619 unum
415 1554 580 1618 Christum
594 1553 772 1616 ascendisse
786 1553 818 1614 in
833 1552 973 1630 caelum,
986 1553 1155 1615 sedunum
1171 1552 1269 1615 inisse
1284 1554 1316 1614 in
1331 1554 1436 1617 eaelo.

260 1730 263 1737 Ι
299 1655 411 1733 Sicut,
438 1675 540 1736 quum
565 1655 682 1734 aliquis
714 1674 732 1717 e
759 1673 818 1717 sua
850 1654 946 1717 domo
972 1671 1143 1734 egressus,
1175 1660 1378 1734 rogatusque
1403 1674 1445 1718 an

299 1758 472 1836 quisquam
492 1757 532 1818 ad
554 1775 630 1818 eum
651 1755 788 1832 venerit,
812 1756 996 1835 respondet:
1013 1753 1117 1819 Nemo
1138 1756 1170 1816 in
1191 1755 1325 1817 domurn
1338 1774 1446 1818 meam

297 1859 396 1934 vonit,
412 1858 472 1919 nisi
496 1875 557 1936 ego
578 1857 634 1936 qui
655 1856 752 1919 modo
774 1856 845 1918 inde
868 1857 943 1932 exii,
960 1874 1024 1918 non
1038 1855 1147 1917 dicere
1169 1857 1242 1918 vult
1255 1874 1289 1917 sc
1305 1854 1441 1920 domum

297 1959 433 2035 venisse,
457 1957 512 2021 sed
533 1977 567 2020 se
587 1957 792 2020 solummodo
818 1957 905 2020 domi
927 1955 1154 2020 luisse-His
1175 1957 1273 2019 simul
1294 1958 1358 2019 alia
1380 1958 1445 2019 iam

274 2085 276 2088 >
300 2060 394 2122 docet
414 2059 643 2141 Nicodemum,
670 2079 707 2122 ea
729 2059 881 2123 videlieet
901 2077 985 2139 quae
1007 2058 1045 2120 de
1066 2059 1136 2139 ipso
1158 2055 1287 2120 Christo
1309 2058 1446 2122 eredere

299 2165 439 2239 oportet.
456 2158 597 2223 —Nota
622 2156 724 2238 (ilium
758 2156 894 2219 hominis
922 2159 979 2237 qni
1009 2155 1073 2219 iam
1100 2155 1256 2219 deseendit
1275 2158 1312 2218 de
1339 2159 1449 2231 caeto,

298 2266 330 2321 et
356 2261 565 2323 nihilominus
589 2259 691 2321 adhue
716 2267 759 2320 est
785 2256 822 2319 in
843 2260 948 2331 caelo;
970 2259 1086 2321 senties
1110 2277 1210 2320 unam
1231 2277 1299 2321 esse
1323 2257 1446 2325 Christi

295 2360 482 2446 hypostasin
508 2363 654 2441 duasque
680 2366 827 2441 naturas3
856 2380 961 2440 neque
991 2362 1074 2422 enim
1100 2361 1185 2423 filius
1210 2359 1347 2423 hominis
1369 2367 1443 2423 erat

295 2466 469 2541 antequam
500 2460 718 2524 descenderet.
750 2460 902 2525 Nondum
935 2467 1040 2525 tamen
1065 2463 1210 2543 apertius
1240 2461 1443 2525 divinitatem

296 2581 389 2624 suam
416 2560 572 2625 enuntiat.

376 2681 407 2726 r.
438 2658 488 2726 11.
519 2660 580 2724 Sed
615 2662 706 2742 prius
731 2662 808 2742 quid
844 2681 1058 2744 perpessurus
1093 2670 1186 2728 esset.
1218 2662 1338 2727 Christi
1370 2682 1442 2726 mos

298 2761 396 2823 tuisse
422 2761 564 2839 videtur,
588 2782 690 2841 quum
711 2763 838 2843 aliquos
860 2765 899 2827 de
922 2783 981 2828 sua
1003 2765 1167 2829 divinitate
1188 2765 1306 2826 docere
1326 2762 1442 2842 vellet,

297 2862 379 2923 hane
407 2862 512 2941 primo
540 2863 773 2926 subobscurius
796 2865 956 2943 indicare,
986 2866 1100 2927 deinde
1128 2884 1166 2929 ea
1194 2863 1335 2928 sermoni
1358 2864 1443 2927 inse-

296 2983 370 3027 rere
391 2982 475 3042 quae
496 2982 712 3046 perpessurus
727 2972 810 3043 erat,
826 2973 990 3048 postremo
1005 2967 1106 3048 ipsam
1126 2967 1326 3031 divinitatem
1347 2985 1443 3048 aper-

295 3064 358 3127 tius
379 3064 569 3144 signiticare.
594 3064 679 3146 Lege
701 3086 786 3146 qnae
811 3068 954 3130 dicemus
976 3069 1015 3130 de
1036 3066 1083 3131 Io.
1107 3066 1182 3145 XII,
1204 3065 1443 3133 nunu—Pa-

295 3171 341 3228 tet
370 3184 435 3245 quo
460 3167 541 3229 haee
568 3167 747 3231 similitudo
779 3170 939 3250 pertineat
966 3175 1000 3231 et
1026 3187 1185 3248 quaenam
1214 3170 1284 3232 eius
1312 3169 1371 3231 vis.
1405 3167 1442 3230 ln

293 3264 395 3328 verbo
416 3266 556 3326 renitere
584 3284 624 3328 ne
652 3267 741 3328 alind
766 3268 944 3346 quidquam
971 3268 1131 3348 intelligas
1157 3285 1256 3347 qnam
1275 3265 1312 3328 in
1335 3268 1439 3330 altum

292 3365 445 3437 attollere,
471 3365 640 3427 sustollere.
668 3365 838 3430 Notandus
860 3367 941 3428 ordo
966 3368 1134 3445 sermonis,
1159 3368 1265 3447 primo
1291 3367 1331 3429 dc
1351 3386 1438 3432 nora

294 3470 405 3528 nostra
433 3467 572 3546 spiritali
595 3469 725 3530 natione
748 3487 801 3531 vv.
828 3465 919 3544 3-8,
944 3467 1057 3531 deinde
1078 3469 1118 3530 de
1138 3467 1208 3531 Deo
1230 3469 1359 3531 homine
1381 3488 1438 3533 vv,

293 3561 331 3628 11
349 3599 364 3609 ·
381 3563 440 3641 13,
467 3585 553 3630 nunc
581 3566 620 3629 de
649 3568 719 3629 eius
746 3585 865 3648 opere,
895 3568 935 3628 ad
964 3569 1051 3648 quod
1077 3568 1310 3649 perficiendum
1338 3569 1439 3632 venit.

296 3665 527 3731 Animadverte
556 3688 654 3748 quam
681 3676 794 3750 sponte
823 3671 886 3732 alia
911 3671 982 3733 aliis
1003 3673 1186 3734 succedant.

375 3787 407 3832 v.
434 3766 484 3832 15.
515 3769 602 3832 Finis
623 3770 663 3832 ad
690 3790 788 3850 quem
816 3773 878 3834 hoe
903 3790 985 3853 opus
1006 3774 1117 3836 tendit.
1141 3773 1215 3837 Non
1241 3773 1361 3836 dieitur
1382 3773 1442 3854 qui

293 3867 391 3931 credit
414 3867 490 3948 ipsi,
518 3870 574 3931 sed
601 3869 657 3950 qui
681 3870 780 3932 eredit
797 3870 833 3932 in
853 3871 975 3951 ipsuum·
1000 3892 1084 3952 quae
1105 3873 1313 3954 loquutiones
1335 3873 1443 3954 dispa-

294 3987 347 4031 res
375 3987 512 4048 prorsus
537 3975 623 4033 sunt.
649 3969 733 4035 Nam
761 3991 857 4037 voees
878 3993 1032 4042 πιστευειν
1055 3969 1103 4052 εἷς
1123 3976 1244 4036 eredere
1268 3971 1305 4034 in
1326 3979 1442 4036 c'asum

294 4071 516 4134 accusativum
530 4083 657 4152 semper
672 4073 860 4139 adiunctum
874 4079 1004 4155 habent,
1021 4097 1087 4157 quo
1101 4077 1161 4153 bis,
1177 4092 1340 4139 summum
1360 4092 1443 4154 qua-

292 4176 353 4249 ter,
381 4170 476 4236 Deus
493 4172 704 4255 significatur,
727 4178 818 4258 alias,
841 4180 1100 4260 frequentissime
1121 4183 1231 4244 autern
1255 4178 1287 4239 in
1313 4175 1442 4255 scriptis
