2986 4912
620 335 649 381 ΙΝ
672 333 806 382 totatuta
828 332 1073 381 conututtntvu

672 555 811 602 CHRISTI
834 556 1024 603 RESPONSIO

337 739 377 806 43
400 739 569 820 Respondit
588 760 659 820 erqo
690 740 787 816 Iesus,
813 753 842 804 et
902 739 941 808 54
961 739 1055 804 Dixit
1073 759 1144 820 erqo
1165 741 1208 802 eis
1229 739 1332 803 Iesus:

288 841 437 905 diuiteis:
453 842 556 908 Nolite
579 861 771 907 murmurare
791 843 841 905 iu-

286 945 401 1007 eicere.-

852 1050 963 1120 Aueeu,
984 1065 1075 1108 amen
1101 1046 1171 1109 dica
1190 1045 1289 1108 uobis:

334 1146 374 1214 tt
388 1168 475 1211 ueuso
487 1157 588 1230 petest
606 1150 711 1211 aeuire
725 1151 767 1212 ad
780 1167 838 1224 me,
850 1148 923 1214 Nisi
931 1146 1195 1210 manducaveritis
1212 1164 1337 1209 caruem
1350 1144 1414 1207 Fi·

287 1251 352 1313 uisi
371 1253 481 1327 Pater,
505 1252 561 1334 qui
583 1253 669 1316 misit
694 1273 752 1328 me,
775 1252 890 1317 tra-lii
903 1251 1087 1327 hominidei
1100 1248 1238 1312 biberitis
1252 1248 1318 1312 eius
1332 1267 1411 1312 sau-

285 1350 368 1413 aerit
381 1369 467 1414 euus:
850 1355 987 1437 quietem,
1002 1373 1067 1418 uau
1088 1351 1235 1416 habebitis
1252 1351 1350 1414 uitam
1368 1352 1408 1416 ia

850 1457 945 1520 cabis.

897 1557 936 1623 55
953 1557 1017 1634 Qui
1029 1559 1199 1619 manducat
1215 1573 1312 1617 meam
1336 1573 1411 1616 car·

850 1678 932 1734 uem,
947 1658 1061 1723 adbibit
1082 1678 1182 1722 meum
1204 1655 1408 1738 sanquinem,

850 1760 1045 1824 habetaitaue
1055 1770 1228 1823 aeternam:

283 1873 311 1925 et
331 1884 383 1944 aaa
410 1867 598 1933 resuscitabo
617 1889 685 1932 eum
713 1869 750 1931 ia
781 1879 877 1932 rea-et
900 1887 953 1948 aaa
982 1863 1258 1929 resuscitatorum
1288 1859 1325 1922 iu
1349 1877 1411 1920 aa·

282 1967 409 2031 sissima
419 1970 479 2032 die.
849 1969 975 2034 sissima
989 1968 1048 2030 die.

601 2189 855 2238 RESPONSIONIS
876 2184 1080 2262 exputatum

328 2366 368 2436 t5
389 2370 447 2433 Est
466 2373 616 2455 scriptum
635 2375 671 2437 iu
695 2377 832 2458 Prophe·
892 2374 933 2442 56
956 2373 1035 2438 Gara
1065 2370 1146 2434 euim
1166 2388 1245 2441 ueea,
1267 2384 1336 2428 aere
1360 2373 1408 2428 est

281 2468 383 2532 tissEt
396 2483 487 2535 eruut
496 2493 599 2538 omues
609 2475 753 2539 docibiles
760 2475 830 2540 Dei.
845 2476 942 2541 cibus.-
967 2485 995 2538 et
1013 2473 1142 2555 sauauis
1161 2488 1338 2546 meus,aere
1360 2477 1408 2532 est

283 2571 405 2648 Omais,
426 2575 481 2657 qui
501 2577 657 2641 audiaita
671 2580 784 2654 Patre,
806 2587 834 2640 et
868 2587 946 2640 atus.

280 2672 405 2750 didicit,
426 2677 512 2739 veuit
531 2681 573 2741 ad
592 2698 648 2743 me.
893 2675 933 2742 57
953 2675 1008 2758 qui
1024 2678 1194 2738 mauducat
1213 2689 1311 2736 meam
1332 2689 1406 2734 car-

328 2774 369 2842 !tss
391 2775 462 2842 Nou
492 2778 568 2859 quia
598 2781 725 2844 Patrem
754 2778 928 2853 vidituem,
943 2788 970 2841 et
991 2777 1067 2840 bibit
1084 2795 1184 2839 rasum
1203 2771 1404 2855 sanquinem,

280 2874 465 2958 quisquam,
490 2878 556 2942 uisi
582 2879 633 2954 is,
663 2881 718 2962 qui
751 2889 794 2942 est
814 2879 882 2943 aiu
895 2887 1106 2951 desecasset
1120 2896 1173 2956 eqo
1186 2873 1300 2938 iuilla.

281 2976 357 3053 Dea,
379 2977 430 3042 teia
449 2978 530 3043 uidit
550 2979 687 3044 Patrem.
893 2976 933 3043 58
949 2976 1038 3042 Sicut
1049 2977 1136 3041 ueisit
1148 2998 1195 3042 use
1208 2977 1316 3041 uiueres
1335 2979 1405 3043 Pu-

846 3087 904 3152 ter,
919 3089 947 3141 et
957 3099 1010 3159 eqo
1024 3079 1096 3141 aiva
1112 3089 1239 3161 propter
1261 3079 1404 3144 Patrem:

846 3188 874 3240 et
886 3178 941 3261 qui
955 3181 1127 3243 manducat
1143 3201 1202 3256 me,
1217 3188 1245 3243 et
1267 3178 1332 3261 ipse
1355 3179 1405 3242 ai·

845 3288 1026 3361 aetprapter
1038 3300 1094 3344 me.

767 3494 928 3547 BPILOGVS

899 3678 939 3747 59
953 3682 1015 3746 Hic
1027 3693 1071 3746 cst
1078 3681 1188 3765 partis,
1203 3661 1260 3764 qui
1272 3682 1307 3744 de
1321 3684 1408 3746 caela

849 3782 1013 3846 descendit.
1036 3783 1107 3849 Noa
1130 3781 1213 3846 sicut
1235 3784 1409 3848 manducu-

848 3893 962 3945 aeruut
979 3893 1087 3964 patres
1107 3882 1202 3948 uestri
1224 3902 1357 3960 maresca,
1379 3893 1409 3947 et

846 3982 962 4045 mertui
981 3994 1064 4048 suat.
