2986 4912
255 297 278 364 2
600 310 630 359 tn
652 309 790 362 ioannes
812 307 1062 356 eonsrnnraan'n

363 395 412 478 13
438 403 499 502 qui
527 423 599 476 non
627 423 675 475 ex
706 399 961 497 sanguinibus,
984 421 1101 498 nequa
1131 426 1177 476 ex
1210 401 1400 478 voluntate

253 533 385 623 carnis,
400 554 517 628 neque
546 554 593 603 ex
621 528 812 602 voluntate
833 527 915 612 viri,
941 527 1005 600 sed
1033 551 1080 601 ex
1097 527 1177 603 Deo
1200 531 1276 603 nati
1301 545 1401 605 sunt.

304 704 307 711 =
362 653 412 734 ld
439 657 489 734 Et
516 658 669 733 verbum
697 681 783 731 caro
810 656 946 730 fartum
977 669 1052 740 est,
1079 670 1119 730 et
1147 657 1331 731 ¹habitavit
1364 660 1401 731 in

254 789 372 863 nohis:
403 800 441 861 et
468 786 626 860 vidimus
646 782 798 882 gloriam
818 785 911 870 eins,
932 783 1082 881 gloriam
1102 786 1206 884 qnasi
1226 787 1402 883 unigeniti

256 942 276 990 a
304 931 423 1015 patre,
451 914 601 1012 plenum
630 912 784 1010 gratioe,
813 926 852 986 ot
878 913 1059 987 veritatis.

365 1039 598 1118 1510annes
635 1041 886 1116 testimoninm
923 1041 1092 1138 perhibet
1131 1043 1177 1117 de
1203 1043 1317 1140 ipso,
1363 1058 1403 1117 et

257 1173 394 1247 clamat
413 1173 547 1246 dicens:
568 1169 635 1246 Hie
662 1185 755 1256 erat,
776 1192 885 1267 qoem
913 1170 1001 1243 dixi:
1022 1168 1091 1259 Qui
1119 1185 1203 1268 post
1232 1194 1292 1244 me
1320 1195 1404 1244 ven·

257 1316 362 1375 turns
381 1317 452 1385 est,
472 1314 556 1375 ante
577 1324 635 1374 me
655 1299 773 1374 faetus
788 1312 863 1372 est:
880 1298 963 1397 quia
983 1299 1083 1396 prior
1103 1323 1161 1372 me
1182 1313 1276 1373 erat.

367 1423 417 1503 16
444 1429 494 1503 Et
507 1429 552 1502 de
572 1428 797 1526 plenitudine
830 1428 909 1501 eius
928 1450 994 1500 nos
1022 1449 1150 1503 omnes
1178 1428 1404 1526 aceepimoS,

260 1570 298 1630 et
326 1558 480 1654 gratiam
508 1581 576 1655 pro
604 1556 734 1654 gratia.
1187 1568 1190 1573 '

304 1663 308 1670 ³
370 1680 418 1758 17
448 1685 532 1782 qnia
560 1685 622 1758 lox
649 1707 715 1782 per
733 1680 883 1781 Moysen
908 1685 994 1758 data
1024 1696 1102 1768 est,
1123 1685 1254 1780 gratia,
1278 1699 1319 1758 et
1336 1710 1403 1760 ve·

260 1813 353 1887 ritas
379 1836 446 1910 per
474 1812 596 1887 Iesum
624 1812 812 1887 Christum
841 1813 937 1887 faeta
964 1827 1066 1887 est..
1135 1844 1149 1861 ··
1206 1840 1209 1845 ·
1292 1864 1296 1871 -

371 1934 421 2014 18
448 1940 565 2016 Deum
593 1964 703 2017 nemo
730 1942 820 2015 vidit
839 1964 1033 2039 umquam:
1056 1941 1264 2039 unigenitus
1284 1941 1403 2028 tilios,

262 2069 324 2168 qui
352 2083 410 2143 est
438 2070 474 2142 in
503 2070 583 2143 sinu
611 2071 740 2168 patris,
769 2071 847 2168 ipse
876 2070 1074 2144 enarravit.

372 2192 423 2272 19
443 2197 498 2272 Et
515 2198 596 2272 ,hoe
623 2211 681 2272 est
708 2198 960 2272 testimonium
984 2199 1146 2286 ioannis,
1164 2200 1307 2296 quando
1332 2199 1405 2275 mi-

264 2340 393 2400 serunt
415 2325 539 2400 ludaei
558 2325 605 2398 ab
632 2324 866 2423 ierosolymis
895 2326 1103 2401 sacerdotes
1131 2339 1171 2399 et
1189 2325 1336 2401 Levites
1360 2329 1406 2401 ad

265 2478 350 2529 eum
378 2466 421 2526 ut
445 2453 716 2550 interrogarent
748 2477 846 2526 eume
876 2451 931 2527 Tu
960 2454 1041 2551 quis
1070 2450 1138 2528 esi
1209 2512 1212 2516 .

371 2577 424 2656 20
452 2579 500 2655 Et
524 2580 713 2655 confessus
733 2596 804 2667 est,
823 2595 862 2655 et
880 2606 952 2655 non
973 2582 1137 2680 negavit:
1159 2593 1197 2654 et
1215 2581 1407 2657 confessus

267 2723 345 2784 est:
374 2707 467 2799 Quia
495 2733 567 2784 non
596 2733 676 2784 sum
706 2733 772 2806 ego
800 2708 982 2784 Christos.

376 2832 424 2912 21
454 2837 502 2911 Et
526 2839 843 2935 interrogaverunt
866 2862 974 2912 eum:
999 2837 1092 2928 Quid
1112 2836 1225 2936 ergo?
1249 2839 1348 2912 Elias
1367 2863 1408 2913 es

266 2965 333 3042 tu?
347 2966 396 3041 Et
414 2967 518 3042 dixit:
548 2965 626 3042 Non
647 2991 741 3041 snm.
762 2968 945 3067 Propheta
978 2992 1018 3042 es
1037 2966 1113 3043 tu?
1142 2966 1191 3042 Et
1209 2969 1415 3066 respondit:

269 3093 363 3170 Non.

281 3254 298 3265 ··
376 3218 431 3298 22
459 3223 638 3299 Dixerunt
667 3249 753 3323 ergo
781 3226 830 3299 ei:
861 3223 950 3316 Quis
978 3250 1018 3298 es
1037 3240 1078 3300 nt
1097 3249 1311 3323 responsum
1340 3225 1409 3298 de-

270 3376 352 3427 mus
379 3353 452 3438 his,
480 3355 542 3452 qui
571 3356 748 3429 miserunt
776 3353 869 3430 nos?
897 3353 991 3443 Quid
1018 3355 1108 3428 diois
1136 3355 1181 3428 de
1209 3352 1356 3452 teipso?

379 3475 432 3554 23
465 3479 543 3555 Ait:
573 3482 652 3579 Ego
679 3507 751 3557 vox
779 3482 971 3557 clamantis
1000 3484 1037 3554 in
1065 3484 1229 3556 deserto:
1257 3481 1412 3579 Dirigite

273 3609 370 3682 viam
399 3607 558 3695 Domini,
587 3611 683 3684 sieut
710 3611 802 3683 dixit
830 3611 944 3684 isaias
968 3611 1160 3708 propheta.

376 3730 505 3810 24111
533 3739 595 3835 qni
624 3739 724 3810 missi
753 3737 911 3823 fuerant,
940 3752 1045 3812 erant
1072 3737 1367 3811 ein-Pharisaeis.

381 3859 433 3938 25
464 3864 512 3937 Et
540 3867 857 3962 interrogaverunt
884 3890 983 3952 eum,
1003 3879 1041 3940 et
1059 3866 1231 3940 dixerunt
1251 3866 1300 3939 ei:
1322 3862 1417 3955 Quid

276 4015 363 4089 ergo
389 3992 578 4090 baptizas,
608 3995 639 4066 si
675 3991 717 4068 tu
744 4017 816 4069 non
845 4019 885 4070 es
912 3994 1102 4082 Christus,
1139 4018 1256 4093 neque
1293 3992 1416 4079 Elias,

278 4144 396 4220 neque
425 4119 639 4221 Propheta?
