2986 4912
170 305 233 373 lto
490 323 521 370 111
543 322 680 371 {osanna
702 321 952 378 couunnramvn

170 409 325 491 plenioris
345 408 582 489 significationis
603 407 808 471 detrimento.
831 405 897 483 Qui
917 411 1039 469 attente
1060 407 1143 470 haec
1167 425 1306 488 perpen-

171 511 274 588 derit,
298 509 394 574 facile
414 509 530 573 sentiet
550 528 616 588 qno
637 509 711 572 loco
732 508 916 571 habendum
937 508 978 570 sit
998 514 1219 570 commentum
1246 527 1305 590 pu·

162 609 309 688 ¹tautium
328 609 436 673 verbis
456 627 555 671 unum
575 626 682 671 summ
702 609 910 674 voluntatum
934 608 1191 671 coniunctionem
1212 609 1306 672 dnm·

168 716 260 774 taxat
280 711 464 790 signiticari3
486 710 611 790 liquido
631 710 715 773 enim
736 714 873 790 apparet
891 726 991 769 unum
1004 708 1045 770 ad
1059 709 1188 772 unicam
1198 710 1305 793 patris

168 811 293 893 filiique
313 818 477 888 naturam,
499 830 605 873 sumus
626 811 667 873 ad
688 811 852 873 distinctas
874 827 1028 890 personas
1041 812 1217 890 pertinere.
1232 808 1309 874 Vox

168 931 267 975 caum
288 931 435 976 caussam
456 914 682 991 rationemque
702 911 860 992 significat
879 930 941 974 our
960 911 1073 973 eadem
1099 909 1231 975 Christo
1250 930 1309 992 po·

171 1015 269 1076 tentia
289 1015 331 1078 sit
350 1033 389 1077 ac
409 1015 508 1096 patri3
531 1015 571 1076 de
592 1014 735 1093 potentia
749 1013 859 1092 agitur
873 1013 991 1075 nonde
1005 1012 1185 1090 voluntate,
1201 1018 1307 1092 utqne

167 1115 351 1195 argumenti
371 1114 555 1195 complexio
586 1120 730 1190 constet,
763 1131 892 1176 necesse
913 1119 962 1176 est
981 1131 1047 1176 nna
1067 1119 1165 1194 atque
1189 1113 1306 1176 eadem

169 1216 211 1278 sit
230 1213 349 1279 Christi
370 1221 403 1278 et
422 1215 523 1296 patris
543 1232 670 1287 moces,
691 1214 754 1276 hoc
774 1221 824 1277 est
837 1211 983 1292 potentie
1002 1219 1100 1293 atque
1115 1213 1196 1276 adeo
1210 1220 1307 1279 natu·

170 1334 220 1380 ra.
243 1313 363 1381 Confer
382 1334 436 1381 vr.
456 1313 576 1382 als-36.
599 1313 705 1392 Tum,
727 1314 828 1379 velint
848 1314 971 1388 nolint,
994 1313 1159 1378 fateantur
1176 1315 1306 1392 illi,ne·

170 1435 258 1480 cesse
278 1423 338 1494 est,
347 1417 481 1481 obvium
502 1435 540 1480 ac
559 1417 738 1497 simplicem
759 1417 878 1478 horum
891 1416 1069 1478 verborum
1082 1431 1214 1479 sensnm
1227 1435 1304 1481 enm

171 1537 241 1582 esse
261 1537 359 1599 quem
378 1520 526 1583 dicimus.

249 1639 303 1682 vv.
326 1617 445 1684 31-33.
468 1619 581 1684 ludaei
601 1622 702 1701 igitur
722 1621 805 1683 illud
826 1639 925 1681 eoum
944 1637 1050 1681 mentes
1070 1621 1115 1682 ita
1134 1620 1307 1684 intellexe-

170 1726 259 1798 runt,
282 1726 320 1783 ut
339 1721 583 1802 intelligendum
603 1742 673 1786 esse
694 1721 904 1785 delendimns.

250 1821 336 1899 Quid
356 1843 436 1895 vero
458 1822 635 1888 Christus?
657 1822 744 1887 Audi
766 1821 1054 1905 chrysostomum:
1077 1821 1180 1904 Neque
1201 1831 1306 1886 tamen

125 1964 127 1968 ι
169 1922 224 1985 ille
243 1925 325 1986 banc
345 1925 465 1988 amovit
484 1925 673 2007 opinionem.
697 1925 808 2006 Atqui,
823 1923 852 1987 si
864 1924 899 1986 id
911 1925 994 2006 falso
1014 1922 1140 2004 epieteti
1157 1923 1306 2005 scissent,

169 2023 243 2086 illos
263 2026 424 2088 ementiore
444 2026 614 2106 oportebat,
636 2045 674 2086 oc
694 2024 809 2087 dicere:
834 2022 896 2088 Car
916 2024 973 2086 hoc
992 2016 1213 2105 fecitisiNen
1233 2024 1308 2086 baec

172 2122 243 2186 dixi
261 2133 298 2192 ut
312 2145 424 2204 parem
439 2133 593 2206 paternae
610 2124 894 2206 incompetentiam
906 2124 1092 2187 indicarem.
1109 2123 1227 2204 Neque
1241 2142 1309 2188 mo-

168 2225 214 2288 do
236 2245 308 2288 eam
328 2227 512 2307 opinionem
533 2246 576 2291 ex
596 2228 703 2290 animo
724 2226 924 2292 Iudaeorum
944 2245 1009 2289 non
1028 2227 1169 2302 amovit,
1199 2226 1257 2289 sed
1276 2227 1308 2288 id

172 2327 300 2391 curavit
320 2334 419 2408 atque
440 2329 518 2408 egit,
542 2334 591 2405 ut,
607 2329 696 2408 quod
715 2329 946 2392 intellexerant
965 2347 1024 2391 nec
1046 2334 1154 2390 tamen
1174 2327 1309 2390 credere

170 2427 347 2504 volebant,
369 2428 446 2509 ipsis
466 2430 642 2508 probaret,
666 2435 736 2492 tum
757 2431 790 2491 in
810 2430 873 2492 hoc
894 2447 1011 2504 versu,
1034 2434 1250 2508 argumento,
1272 2433 1311 2490 ut

172 2525 309 2604 solebat,
332 2547 372 2590 ex
394 2529 548 2609 operibus
570 2529 775 2610 deprompto,
799 2536 869 2593 tum
889 2529 1024 2592 interius
1045 2529 1109 2590 alia
1129 2529 1268 2591 ratione.

250 2649 305 2695 vv.
327 2623 445 2697 :st-36.
470 2630 518 2695 Ac
539 2621 644 2712 primo
666 2634 916 2714 appellationem
935 2631 998 2712 filii
1017 2630 1078 2694 Dei
1097 2632 1158 2694 sibi
1181 2632 1256 2695 iure
1277 2637 1310 2695 et

171 2730 287 2793 merito
308 2749 327 2792 a
348 2750 382 2794 se
403 2731 474 2793 lieri
494 2731 594 2796 vincit
614 2739 818 2813 argumento,
839 2739 878 2795 nt
898 2751 1018 2796 vocare
1039 2733 1194 2808 solemus,
1211 2752 1233 2793 a
1253 2729 1310 2792 mi-

173 2850 248 2894 core
268 2834 311 2894 ad
330 2831 447 2907 maius,
463 2835 551 2913 quod
571 2834 617 2897 ita
638 2842 696 2898 est:
721 2832 753 2897 Si
774 2833 863 2898 Dens
877 2835 964 2910 illos,
981 2853 1062 2914 quos
1078 2835 1311 2913 alloquebatur

173 2932 206 2993 in
226 2931 279 2994 Ps.
302 2931 460 3010 LXXXI,
483 2932 524 3010 6,
546 2933 630 2997 Deos
652 2936 853 3016 appellavit,
879 2935 936 3014 qui
958 2941 1066 2996 tamen
1086 2952 1148 2996 cur
1167 2934 1312 3016 appella-

175 3040 311 3110 rentur,
344 3035 436 3096 nulla
457 3035 521 3097 alia
543 3043 615 3099 erat
635 3055 749 3099 caussa
770 3036 829 3098 nisi
850 3037 939 3115 quod
958 3035 1046 3099 Deus
1067 3036 1141 3098 illos
1162 3035 1311 3116 alloquio

172 3151 233 3194 suo
254 3133 456 3213 dignaretur,
474 3136 580 3198 multo
602 3136 712 3199 verius
735 3136 801 3216 ipse
822 3123 883 3197 Dei
903 3136 1007 3198 lilium
1028 3142 1147 3199 memet
1167 3136 1312 3216 appella·

174 3233 289 3311 verim,
312 3254 415 3314 quum
436 3234 537 3314 Deus,
554 3239 610 3316 qui
631 3256 683 3299 me
703 3256 768 3299 non
788 3238 979 3317 alloquutus
1000 3239 1097 3300 modo
1117 3243 1178 3314 est,
1201 3239 1259 3301 sed
1280 3244 1312 3301 et

172 3319 397 3416 sanctificavit,
419 3345 449 3398 et
467 3335 554 3399 misit
573 3337 610 3399 ia
630 3341 795 3412 mundum,
812 3348 905 3418 poter
925 3339 1005 3399 mihi
1025 3339 1075 3401 sit.

251 3433 376 3498 Verum
398 3438 558 3517 quaedam
579 3439 632 3500 hic
653 3445 728 3501 sunt
749 3439 780 3501 in
802 3457 886 3518 quae
907 3439 1194 3502 considerationem
1210 3440 1311 3502 inten-

174 3536 299 3600 damus.
322 3537 452 3602 Etenim
471 3540 576 3619 prima
597 3541 702 3620 specie
722 3542 785 3603 hoc
806 3547 998 3620 argumento
1019 3559 1083 3602 non
1114 3540 1196 3603 effici
1229 3540 1311 3605 illud

174 3637 316 3715 videtur,
327 3639 415 3718 qnod
436 3641 619 3719 oportebat,
642 3639 808 3703 Christum
829 3660 898 3704 esse
918 3640 1043 3717 Deum,
1066 3641 1121 3704 sed
1143 3660 1162 3703 c
1182 3649 1312 3704 contra-

174 3738 223 3801 rio
243 3758 373 3802 sensnm
395 3742 574 3804 verborum
593 3740 662 3821 Epo
683 3751 712 3803 et
726 3751 820 3822 peter
839 3760 938 3804 ocum
957 3761 1063 3804 sumes
1083 3742 1180 3822 longe
1209 3742 1312 3807 alinm

174 3858 243 3903 esse
263 3859 302 3903 ac
322 3841 475 3904 diximus.

254 3937 369 4020 Itaque
384 3948 458 4004 ante
472 3941 578 4005 omnia
593 3943 851 4008 animadvertere
865 3944 991 4009 iuvabit
1005 3943 1228 4023 quaestionem
1249 3961 1312 4006 non

87 4104 89 4108 Α
175 4038 273 4102 fuisse
293 4040 482 4122 simpliciter
502 4060 542 4104 an
563 4040 654 4107 Iesus
674 4042 762 4108 Deus
784 4051 889 4122 esset,
922 4044 978 4107 sed
999 4063 1040 4106 an
1061 4050 1144 4108 esset
1163 4042 1255 4108 Dens
1280 4049 1312 4108 ct

174 4140 284 4218 homo,
307 4158 347 4203 an
360 4142 428 4220 ille,
444 4143 587 4222 inquam,
611 4144 664 4207 cui
685 4142 759 4209 lesu
773 4163 890 4208 nomen
907 4150 990 4222 erat,
1006 4144 1063 4223 qui
1076 4144 1160 4206 inter
1174 4141 1312 4223 ludaeos
