2986 4912
165 315 225 386 t88
493 336 523 381 ru
547 334 684 381 rosunun
707 331 956 392 corunurrnrvu

272 421 324 500 27
354 427 434 524 lpse
462 424 558 497 enirn
587 422 696 497 Pater
719 435 819 496 amat
837 445 916 507 ros,
931 421 1013 518 quia
1036 442 1100 492 vos
1127 442 1186 494 me
1212 443 1323 494 ama·-

169 552 248 639 stis‚
277 568 315 627 et
343 551 559 636 credidistis,
579 551 661 648 quia
692 574 808 647 ego-a
826 549 903 624 Deo
930 547 1040 622 exivi.

275 674 328 754 28
357 679 462 753 Exivi
481 702 502 751 a
522 677 645 762 Patre,
670 691 708 751 et
737 679 819 768 reni
837 677 874 750 in
894 675 1083 750 mundum:
1104 675 1240 750 iterum
1254 701 1314 752 re·

169 808 292 906 linquo
311 806 499 889 mundum,
518 817 556 878 et
576 805 667 877 vado
683 806 728 877 ad
749 804 910 878 Patrem.

277 927 330 1007 29
359 933 490 1007 Dicunt
507 933 541 1005 ei
569 931 734 1030 discipuli
764 932 857 1005 eius:
875 931 970 1007 ane
998 955 1092 1006 nuno
1120 932 1243 1029 palam
1263 931 1317 1006 lo-

172 1063 307 1160 queris,
336 1075 373 1136 et
400 1058 632 1157 proverbium
661 1057 799 1132 nullum
826 1059 928 1132 diois.

279 1183 331 1265 30
358 1211 453 1262 nune
471 1186 607 1261 scimus
633 1186 717 1284 quia
746 1187 817 1260 scis
839 1188 974 1273 omnia,
990 1200 1029 1262 et
1046 1211 1116 1262 non
1145 1211 1240 1286 opus
1260 1200 1317 1262 est

174 1318 241 1392 tibi
269 1330 310 1391 ut
332 1316 413 1415 quis
431 1328 468 1391 te
501 1315 716 1412 interroget:
751 1315 787 1387 in
802 1316 871 1388 hoo
890 1316 1071 1390 oredimus
1084 1315 1211 1413 quina
1240 1315 1316 1389 Deo

175 1446 296 1522 existi.
1198 1430 1200 1433 ’

281 1567 327 1665 31
360 1571 561 1670 Respondit
580 1571 633 1645 eis
661 1572 775 1645 lesus:
796 1571 902 1646 Modo
924 1569 1103 1647 creditis?

282 1694 334 1776 32
362 1699 455 1773 Eece
475 1700 574 1773 venit
598 1699 700 1785 hora,
716 1711 755 1773 et
772 1701 846 1773 iarn
867 1701 984 1784 venit,
1000 1712 1042 1774 ut
1060 1700 1319 1798 dispergamini

177 1829 422 1928 unusquisque
442 1827 478 1900 in
493 1827 652 1924 propria,
668 1840 706 1901 et
726 1850 785 1901 me
804 1827 923 1902 solum
941 1827 1170 1926 relinquatis:
1192 1841 1234 1902 ot
1247 1851 1320 1902 non

177 1983 257 2033 sum
287 1955 399 2041 solus,
426 1955 511 2054 quia
539 1953 648 2051 Pater
660 1978 812 2031 merum
827 1969 896 2031 est.

284 2079 335 2159 33
361 2082 458 2159 Haeo
473 2083 617 2157 loeutus
632 2107 714 2158 sum
734 2084 849 2169 vobis,
871 2085 962 2158 utin
983 2108 1040 2159 rno
1057 2106 1183 2182 paoem
1205 2083 1319 2159 habe·

177 2216 261 2289 atis.
291 2213 331 2286 ln
360 2213 492 2287 mundo
521 2235 730 2309 pressuram
750 2212 947 2287 habebitis:
969 2214 1032 2287 sed
1047 2212 1233 2300 confidite,
1249 2237 1317 2312 ego

179 2341 248 2416 viri
275 2331 472 2415 mundum

692 2614 818 2630 m

627 2820 876 2879 conuuuruulvn

185 3155 217 3200 v.
240 3136 270 3202 1.
294 3079 419 3213 Haec,
443 3156 527 3217 quae
542 3139 582 3200 ab
597 3140 780 3202 hominibus
795 3141 1037 3220 exspectaretis,
1055 3138 1144 3202 robis
1159 3154 1321 3220 praennn·

186 3240 276 3315 tiavi,
299 3259 339 3302 ne
361 3240 458 3314 forte,
480 3242 506 3302 si
528 3241 704 3321 improvisa
725 3242 759 3302 in
772 3260 830 3304 ros
851 3261 889 3304 aa
910 3243 1111 3321 ingruerent,
1128 3240 1226 3303 fidem
1247 3259 1322 3321 erga

185 3360 236 3404 me
258 3344 399 3405 vostram
419 3342 664 3406 labefactarent.
1199 3356 1202 3362 ’

267 3462 299 3505 v.
321 3440 352 3505 2.
377 3441 492 3522 Neque
513 3444 597 3505 enim
618 3444 704 3505 levia
725 3445 805 3508 haec
826 3450 932 3506 erunt.
955 3442 983 3507 Ε
1005 3444 1174 3526 synagogis
1188 3462 1249 3506 vos
1270 3445 1324 3506 eii·

190 3547 287 3627 cient3
312 3545 377 3607 imo
405 3543 492 3605 venit
511 3544 601 3617 toro,
625 3556 660 3606 ut
681 3546 796 3620 omnis,
817 3545 873 3628 qui
893 3543 1042 3626 interficit
1062 3563 1129 3618 vor,
1153 3541 1325 3608 arbitretur

187 3646 363 3729 obsequium
377 3655 578 3724 repraestare
593 3645 668 3709 Deo.
690 3646 817 3711 Iudaeis
836 3667 999 3711 summurn
1018 3648 1163 3709 omnium
1184 3647 1324 3710 dedecus

189 3754 261 3811 erat
292 3748 363 3811 fiori
384 3743 669 3840 oinoouuupnpoog,
694 3751 766 3814 eiici
798 3751 928 3830 inquam
950 3769 967 3812 e
988 3749 1179 3834 synagogis,
1206 3751 1326 3831 quippe

189 3876 254 3937 quo
270 3857 363 3919 fieret
376 3867 414 3919 ut
428 3877 486 3921 nec
502 3858 613 3923 Iudaei
628 3861 835 3921 haberentur.
853 3855 973 3919 Confer
987 3854 1033 3919 lo.
1051 3856 1109 3934 lx,
1121 3855 1175 3938 aa,
1186 3856 1265 3935 XII,
1275 3855 1324 3923 42.

187 3956 315 4027 —Vox
336 3954 419 4026 ἄλλα
442 3961 494 4020 red
514 3960 545 4020 in
567 3962 629 4023 hoo
655 3960 752 4034 loro,
775 3959 860 4021 sicut
888 3965 920 4021 et
951 3958 1049 4035 alibi,
1073 3959 1157 4021 idem
1179 3959 1271 4022 valet
1289 3975 1325 4021 ao

191 4057 473 4141 imo—Apparet
493 4079 535 4122 ex
556 4061 604 4122 his
626 4061 753 4122 nomino
773 4059 889 4121 mundo
911 4057 1048 4123 Iudaeos
1069 4057 1190 4123 Christi
1211 4059 1326 4122 adver-

190 4162 292 4225 sarios
314 4163 506 4244 praesertim
528 4163 708 4243 designatos
729 4180 808 4224 esse.
