2986 4912
178 294 219 362 56
518 316 547 362 m
571 313 707 361 colunes
730 315 980 363 senuaar-amru

182 408 276 484 pater
297 410 465 483 operatur,
489 402 635 480 religioni
657 402 734 461 mihi
756 402 884 464 ducam.
909 401 966 463 llis
990 398 1139 463 Christus
1159 419 1225 463 nou
1254 401 1332 463 sab-

183 505 249 566 bati
271 505 460 583 religionem
481 502 654 583 improbat,
684 521 768 581 quae
792 503 960 563 etiamtum
988 502 1167 576 obtinebat,
1189 501 1247 564 sed
1272 499 1330 564 lu·

182 604 340 665 daeorum
360 610 527 684 stuporem
549 603 654 681 carpit
673 602 858 681 putantium
881 603 961 663 hanc
977 602 1168 680 religionem
1181 601 1271 663 laedi
1288 601 1326 662 iis

182 723 314 782 quoque
329 703 426 764 rebus
441 701 611 763 efficiendis
627 719 711 779 quae
725 719 809 762 unus
824 699 912 762 Deus
928 701 1067 775 efficere,
1081 700 1209 763 tametsi
1224 701 1326 763 etiam

183 821 242 884 per
263 804 419 876 homines,
443 808 556 881 potest.
573 801 666 863 llunc
688 799 805 864 Christi
829 802 1007 863 verborum
1023 819 1151 863 sensum
1166 819 1236 864 esse
1254 801 1327 880 ipse

182 903 435 965 confirmavitiis
453 920 537 979 quae
557 902 714 980 leguntur
735 921 765 963 v.
789 900 848 977 19,
872 920 1023 981 quaeque
1046 901 1253 963 manifestum
1276 907 1328 963 est

181 1022 249 1065 esse
271 1004 519 1083 explicationem
541 1021 656 1064 eorum
684 1021 767 1082 quae
795 1021 881 1065 nunc
910 999 1329 1082 interpretamur.-Con-

180 1103 286 1164 sidera
306 1102 388 1163 illud
410 1101 506 1163 Pater
520 1119 618 1172 meus,
634 1102 776 1179 itemque
792 1107 899 1163 cetera
915 1102 1027 1178 verbaj
1044 1101 1160 1163 senties
1175 1107 1214 1163 ut
1228 1097 1324 1163 Chri·

179 1210 248 1264 stus
268 1203 447 1282 significare
468 1203 612 1264 volucrit
631 1203 702 1277 sibi,
727 1203 846 1282 quippe
868 1203 924 1281 qui
946 1201 1006 1264 Dei
1028 1202 1114 1264 iilius
1134 1202 1191 1277 sit,
1214 1218 1253 1264 ea
1277 1202 1326 1263 ia-

179 1320 253 1363 cere
272 1302 373 1364 licere
394 1320 478 1381 quae
498 1302 583 1381 patri
603 1301 681 1363 licet
702 1301 830 1376 iacere,
860 1308 959 1380 atque
981 1302 1063 1362 adeo
1090 1305 1129 1362 ut
1155 1318 1226 1363 sese
1250 1297 1323 1363 Deo

180 1400 382 1478 aequaverit.
406 1399 502 1464 Certe
524 1399 635 1462 ludaei
656 1402 701 1463 sic
723 1401 793 1464 eius
815 1401 915 1466 verba
936 1400 1187 1477 intellexerunt,
1209 1405 1250 1462 ut
1270 1396 1323 1462 lo·

179 1518 276 1562 anuos
299 1508 437 1563 testatur
458 1520 489 1562 v.
512 1497 564 1564 18.

256 1620 288 1663 v.
311 1598 360 1663 18.
379 1598 513 1662 Ioannes
526 1606 639 1663 narrat
657 1601 822 1679 quomodo
848 1598 960 1662 ludaei
975 1599 1096 1662 Christi
1111 1599 1211 1661 verba
1226 1599 1324 1663 intel-

176 1700 328 1775 lexerint,
344 1705 442 1778 atque
463 1700 506 1761 ita
519 1705 641 1775 narrat,
655 1707 693 1761 ut
704 1701 759 1779 qui
774 1700 891 1762 sentiat
914 1706 1003 1763 reete
1024 1717 1079 1762 eos
1100 1698 1319 1776 intellexisse,

177 1802 340 1880 talemque
362 1819 430 1862 esse
451 1801 568 1863 horum
591 1801 769 1862 verborum
790 1819 932 1863 sensum.

256 1919 309 1963 vr.
332 1899 373 1965 19
392 1920 480 1981 seqq.
505 1901 595 1963 Hane
617 1902 796 1964 orationem
818 1921 836 1963 a
859 1899 1009 1976 Christo,
1033 1918 1097 1963 non
1125 1899 1241 1962 codem
1270 1901 1321 1965 die

177 2019 244 2079 quo
265 2003 433 2083 superiora
456 2003 556 2064 verba
577 2003 726 2083 protulit,
750 2003 805 2063 sed
827 2003 953 2081 aliquot
976 2002 1091 2063 saltem
1112 2007 1185 2081 post
1205 2000 1321 2065 diebus

177 2101 318 2162 habitam
340 2121 408 2163 esse
430 2102 653 2180 colligimuse
681 2102 792 2181 primis
823 2103 931 2164 verbis
960 2121 991 2164 v.
1022 2099 1063 2164 18
1070 2121 1081 2180 3
1111 2102 1181 2164 cius
1211 2107 1321 2164 tamen

175 2200 340 2261 habendae
361 2202 563 2262 occasionem
583 2200 640 2260 illa
661 2202 729 2279 ipsa
751 2202 851 2262 verba
874 2202 1005 2275 dedere,
1022 2200 1107 2262 sicui
1128 2206 1198 2261 tum
1217 2207 1321 2263 mate-

175 2299 238 2360 ries
260 2306 329 2361 tum
350 2301 544 2362 narrationis
565 2319 731 2362 connexus
753 2302 937 2364 ostendunt.
956 2300 1037 2363 Tota
1059 2319 1099 2363 eo
1120 2301 1262 2380 pertinet
1283 2309 1321 2366 ut

175 2397 286 2460 ludaei
308 2401 435 2462 tandem
456 2402 488 2461 in
510 2399 675 2464 Christum
698 2403 842 2476 credant,
860 2402 1007 2480 duasque
1030 2402 1127 2462 habet
1143 2407 1265 2481 partes.
1283 2400 1320 2464 ln

173 2498 276 2578 prima
298 2506 391 2580 parte
413 2519 467 2562 vv.
490 2497 600 2566 iti-30
621 2498 768 2563 Christus
798 2502 865 2563 duo
894 2509 1011 2581 urget,
1041 2519 1145 2579 eaque
1174 2503 1321 2564 omnium

172 2599 334 2679 aptissima
356 2601 387 2661 id
410 2619 510 2680 genus
524 2602 648 2676 animis,
665 2604 778 2680 quales
794 2600 998 2664 ludaeorum
1018 2608 1123 2676 erant,
1139 2599 1319 2678 flectendis,

173 2699 348 2778 duplicem,
368 2700 511 2779 inquam,
534 2707 848 2780 potestatem,quam
870 2703 937 2781 ipse
959 2702 1150 2776 habet,tum
1172 2701 1320 2764 homines

172 2799 204 2858 in
226 2801 324 2862 vitam
347 2801 533 2878 revocandi,
550 2807 619 2863 tum
642 2803 799 2865 iudicium
821 2804 860 2865 de
882 2803 957 2882 ipsis
986 2801 1133 2864 faciendi.
1150 2798 1188 2863 ln
1212 2802 1319 2864 altera

171 2906 264 2977 parte
279 2919 332 2961 vv.
348 2897 456 2965 31-17
479 2920 548 2963 rem
569 2903 635 2980 agit
656 2903 847 2965 testimoniis
869 2903 1018 2984 prolatis.
1042 2900 1224 2981 Vtramque
1243 2920 1322 2982 par·

172 3003 236 3060 tem
257 3001 426 3061 seiunctim
448 3020 658 3081 exponemus.

252 3097 384 3160 Summa
400 3119 438 3162 ac
456 3100 573 3163 ductus
588 3102 712 3182 primae
726 3103 839 3183 partis.
849 3121 929 3164 -v.
946 3098 987 3166 19
1001 3100 1197 3183 Propositio.
1215 3100 1320 3186 Ocea·

173 3199 261 3260 sione
283 3218 300 3260 c
321 3201 544 3280 superioribus
567 3203 673 3264 verbis
695 3222 725 3264 v.
746 3201 788 3266 11
810 3208 923 3283 capta,
944 3204 1122 3268 sententiae
1145 3203 1193 3263 his
1214 3221 1318 3264 enun-

171 3298 269 3360 tiatae
290 3301 373 3360 ratio
395 3299 544 3375 aiicrtur,
561 3321 664 3378 eaque
685 3308 733 3364 est
754 3321 818 3363 una
843 3308 941 3381 atque
962 3302 1128 3364 individua
1150 3300 1253 3380 patris
1279 3301 1317 3362 ii-

170 3399 270 3478 liique
293 3403 450 3480 operatio.
463 3421 544 3464 -ν,
567 3398 609 3467 20
630 3402 735 3464 Huius
758 3422 882 3466 caussa.
895 3422 1002 3467 -vv.
1025 3400 1077 3466 21.
1093 3399 1134 3464 22
1153 3399 1229 3463 Duo
1244 3401 1316 3464 eius

168 3499 216 3560 rei
237 3500 409 3579 specimina
432 3502 519 3578 quod
540 3502 580 3563 ad
603 3501 740 3564 ludaeos
756 3503 935 3583 potissima,
952 3508 1162 3568 mortuorum
1177 3502 1315 3565 suscita-

168 3600 214 3661 tio
235 3607 268 3661 et
288 3601 456 3675 iudicium,
473 3602 615 3664 alterum
637 3623 680 3666 ex
699 3605 806 3667 altero
828 3622 993 3679 enascens,
1010 3608 1192 3680 utrumque
1211 3602 1317 3665 homi·

166 3699 260 3760 nibus
276 3700 606 3763 exhibendum—v.
629 3700 670 3765 23
692 3700 871 3776 Quorsum.
885 3721 967 3766 -ν,
996 3698 1038 3767 21
1065 3700 1135 3767 Iam
1167 3703 1315 3781 proposi·

168 3804 238 3860 tum
258 3800 440 3878 attingitur,
456 3808 566 3879 atque,
584 3803 780 3864 ostendendo
802 3803 967 3882 quomodo
986 3803 1043 3863 illa
1060 3803 1126 3864 duo
1141 3802 1178 3863 iis
1194 3801 1309 3865 cedent

169 3899 225 3976 qui
246 3898 278 3957 in
300 3896 465 3960 Christum
487 3901 645 3962 credituri
665 3906 752 3977 suut,
776 3904 816 3965 ad
837 3903 1035 3966 credendum
1051 3899 1162 3964 Iudaei
1177 3900 1312 3963 incitan-

167 4005 349 4061 tem-vv.
372 3997 422 4061 23.
445 3998 487 4063 211
507 3998 716 4064 Confirmatio
752 4004 821 4066 eius
851 4004 890 4066 de
912 4022 978 4082 quo
1001 4003 1102 4065 estin
1123 4023 1154 4064 v.
1177 3998 1230 4077 21,
1253 4003 1309 4065 dc·

166 4099 264 4160 ducta
285 4117 327 4159 ex
349 4100 396 4160 roi
418 4119 596 4162 caussa.-
610 4122 641 4166 v.
664 4101 704 4165 27
727 4100 807 4164 Item
832 4104 962 4166 eiusde
988 4124 1054 4182 quo
1088 4104 1119 4164 in
1143 4123 1173 4166 v.
1193 4103 1253 4171 22.
1271 4136 1311 4147 -
