2986 4912
578 320 682 370 clava
703 321 856 371 oorsvvu
1253 308 1316 381 103

178 404 312 484 quinam
331 404 373 468 sit
393 410 488 486 pater
508 422 621 486 meus,
647 409 731 472 scire
752 409 885 490 potestis
896 427 908 491 3
933 426 985 474 me
1004 412 1154 490 nescitis,
1181 428 1260 494 ergo
1281 420 1314 479 et

170 513 298 587 patrem
326 525 448 570 mcum.
471 506 568 572 Hunc
587 527 656 572 esse
675 528 806 573 sensum
828 516 898 573 tum
918 513 1114 592 praecedens
1134 514 1315 597 interroga·

173 609 233 686 tio,
252 604 329 672 'iiim
351 626 401 685 ea,
425 627 510 688 quae
530 615 726 690 sequuntur,
747 630 805 674 nos
826 612 1003 675 docent·
1012 612 1178 677 Particula
1197 633 1314 696 macca

174 706 240 790 oia,
265 727 413 790 pro-qua
433 709 466 771 in
487 711 644 774 hocloco
665 710 803 793 forsitan
824 714 943 775 latinus
964 714 1123 795 interpres
1148 716 1312 795 reddidit,

173 815 267 890 alibi,
290 815 384 877 volut
404 815 437 877 in
457 812 505 878 10.
522 813 610 892 XIV,
625 815 656 879 7.
671 814 723 894 ⁶28,
743 817 784 878 ab
805 835 845 880 co
865 818 1008 881 vertitur
1027 817 1144 899 utique.
1170 816 1317 901 Simplex

175 932 289 978 sensus
311 920 379 978 est:
402 912 439 979 st
457 935 504 978 me
524 914 668 990 sciretis,
689 925 718 980 et
733 926 857 997 petrem
877 936 978 980 meum
998 917 1142 992 sciretis,
1165 921 1227 982 hoe
1248 925 1316 995 est,

177 1015 312 1095 quinam
333 1015 377 1078 sit
396 1024 490 1097 pater
509 1034 624 1096 meus;
650 1016 698 1093 si,
722 1017 879 1096 inquam,
901 1018 1027 1081 sciretis
1048 1037 1100 1080 me
1123 1038 1192 1080 csse
1213 1018 1319 1081 [ilium

178 1114 262 1193 Dei,
284 1116 410 1180 sciretis
431 1117 528 1179 simul
548 1116 654 1180 Deum
675 1124 803 1197 patrem
827 1137 937 1181 meum
969 1138 1049 1182 esse.
1082 1117 1257 1182 Considera
1283 1125 1322 1183 ut

178 1236 275 1281 nosse
297 1216 463 1281 Christum
483 1219 568 1280 idem
590 1218 631 1281 sit
651 1237 670 1280 a
690 1237 785 1281 nosse
805 1218 911 1283 Deum
933 1239 1002 1283 osse
1023 1221 1144 1286 Christi
1168 1227 1306 1302 patrem.

262 1339 293 1384 v.
315 1316 366 1387 20.
393 1317 664 1400 Gazophyiecium
684 1323 866 1385 uocabatur
885 1323 979 1387 locus
1000 1324 1132 1404 quidam
1153 1329 1227 1404 post
1246 1343 1322 1405 por·

181 1420 267 1483 licus
283 1419 412 1501 templi,
423 1421 456 1480 in
476 1440 542 1500 quo
561 1422 636 1484 loco
658 1421 756 1484 cistae
780 1424 905 1502 positae
930 1430 1024 1486 erant
1048 1423 1244 1504 excipiendis
1268 1441 1325 1503 po·

182 1521 288 1586 eunius
309 1541 391 1601 quas
412 1523 551 1601 sinisque
571 1523 603 1584 in
623 1542 721 1586 usnna
735 1542 906 1587 sacrorum
925 1525 1123 1587 conferebat.
1140 1522 1206 1600 Qui
1239 1523 1325 1586 affir-

183 1630 275 1687 mant
294 1625 382 1687 hunc
402 1625 512 1686 locum
535 1625 633 1688 luisse
654 1625 687 1686 in
706 1625 790 1688 atrio
811 1627 1011 1703 mulierum,
1044 1626 1075 1687 id
1098 1626 1257 1706 colligunt
1281 1643 1325 1689 ex

184 1723 212 1788 F
214 1725 294 1789 lanii
314 1723 444 1805 Iosephi
464 1725 571 1787 serbis
583 1723 683 1806 (l);o
704 1727 823 1806 quihus
844 1745 886 1788 an
905 1732 995 1789 recte
1014 1727 1046 1788 id
1069 1726 1257 1806 colligatur,
1280 1725 1328 1787 la-

186 1827 251 1890 oilo
271 1827 409 1890 sentient
429 1827 486 1906 (piri
507 1828 660 1890 attentius
681 1847 720 1890 ca
742 1828 892 1908 legerint.
904 1827 1124 1892 -Postrema
1144 1831 1247 1894 verba
1266 1830 1329 1892 hu-

186 1927 239 1991 ius
259 1947 375 1992 uersus
395 1929 508 1992 oonler
529 1947 604 1993 cum
626 1927 673 1993 Io.
694 1927 774 2007 Vll,
796 1924 852 2006 30,
875 1932 1017 2009 utraque
1037 1935 1148 1992 autem
1176 1949 1252 1994 cum
1277 1927 1325 1993 Io.

185 2026 280 2107 XIII,
301 2028 332 2095 1.

271 2150 303 2195 a.
325 2128 377 2196 ai.
400 2129 581 2208 Quaeritur
600 2138 714 2195 utrum
733 2132 837 2208 haec,
870 2137 904 2195 ot
923 2150 1008 2213 qnae
1029 2135 1235 2212 sequuntur,
1267 2130 1330 2194 sint

187 2250 265 2313 pars
286 2233 385 2296 unius
404 2240 503 2312 atque
523 2233 668 2296 einsdem
688 2233 846 2296 sermonis
867 2251 905 2296 ac
925 2233 1115 2314 superiora,
1137 2238 1196 2294 aut
1215 2233 1330 2294 saltem

188 2352 270 2397 mox
289 2336 430 2415 prolata,
452 2355 494 2398 an
515 2336 580 2398 alio
600 2336 676 2398 loco
696 2341 729 2398 et
743 2341 901 2416 tempore.
917 2332 1034 2397 Verbis
1048 2334 1181 2413 quidem
1195 2331 1263 2413 Epo
1277 2349 1333 2394 oo-

190 2438 232 2499 do
252 2438 443 2501 sententiam
464 2445 614 2519 repetere
635 2435 783 2500 Christus
805 2437 937 2501 ridetur
957 2428 1055 2515 quam
1082 2434 1215 2513 obliquo
1236 2433 1273 2495 in
1297 2450 1329 2494 v.

189 2535 232 2604 ld·
253 2539 501 2619 enuntiaverat,
523 2545 595 2601 tasin
616 2544 742 2600 constat
762 2539 842 2600 haec
863 2555 1019 2616 quioquo,
1052 2542 1085 2598 et
1105 2553 1190 2615 quae
1221 2535 1333 2613 postea

190 2647 281 2717 sunt,
304 2640 336 2703 in
358 2641 496 2723 templo,
519 2658 624 2721 aespue
645 2659 683 2703 ao
704 2640 891 2719 superiora,
916 2639 1001 2700 dicta
1022 2656 1092 2700 csse
1113 2656 1146 2700 v.
1168 2632 1219 2700 59.
1242 2633 1336 2696 Atta-

190 2761 268 2806 men
288 2762 402 2806 vorsus
422 2739 464 2807 ‘td
485 2743 564 2806 haec
585 2742 810 2823 superioribus
831 2739 976 2802 uuidere
998 2757 1036 2801 ac
1058 2743 1204 2819 tempore
1226 2735 1336 2797 distin·

191 2860 295 2923 guare
315 2847 442 2905 tantum
454 2861 518 2904 non
533 2843 628 2923 cogit.
646 2841 757 2904 Potest
768 2840 978 2903 nihilominus
993 2845 1173 2918 utrumque
1187 2836 1335 2916 componi

190 2943 259 3022 ita,
281 2950 320 3006 ut
339 2943 487 3008 Christus
506 2962 710 3020 sermonem,
733 2942 791 3022 qui
810 2942 976 3021 sequitur,
999 2938 1167 3014 habuerit,
1190 2937 1250 3001 etsi
1270 2955 1336 2998 non

193 3045 228 3106 in
250 3046 495 3130 gazophylacio,
517 3064 624 3126 nequo
645 3045 799 3108 continuo
820 3048 859 3106 ut
878 3042 1051 3124 superiora
1070 3042 1231 3119 loquutus
1251 3043 1335 3111 crat,

194 3152 339 3210 attamen
359 3167 424 3209 non
444 3149 548 3210 multa
569 3151 643 3228 post
663 3146 745 3208 hora
765 3145 800 3207 in
824 3145 889 3207 alio
915 3143 1027 3225 templi
1052 3144 1150 3220 loeo;
1177 3144 1339 3221 captaque

196 3247 366 3310 occasione
388 3267 429 3311 ex
451 3249 489 3310 iis
510 3266 598 3327 quae
616 3247 803 3327 protulerat
822 3263 855 3309 v.
878 3240 939 3321 ld,
962 3242 1098 3316 iterum,
1121 3247 1160 3305 ut
1179 3242 1226 3304 ait
1246 3239 1340 3303 Ioan-

196 3365 266 3426 nes,
291 3346 429 3413 Iudaeos
450 3348 599 3412 docuerit
619 3350 659 3411 de
680 3347 833 3429 proximo
863 3346 963 3427 ipsius
994 3345 1086 3408 abitu
1116 3343 1157 3405 ad
1187 3347 1337 3423 patrem,

197 3451 289 3531 quod
310 3456 343 3514 et
362 3452 475 3532 paucis
495 3457 569 3514 ante
594 3451 708 3514 diebus
724 3448 766 3531 (2)
782 3450 915 3512 iecerat.
944 3444 1064 3511 Confer
1088 3447 1176 3508 huno
1201 3448 1234 3507 ot
1258 3443 1341 3506 inse-

197 3558 354 3634 quentem
373 3571 506 3615 vorsum
527 3571 602 3615 cum
624 3551 671 3615 Io.
695 3549 771 3629 Vll,
792 3548 921 3638 33-35,
947 3548 1187 3631 perspiciesque
1213 3560 1339 3607 nunoa

197 3653 331 3721 Christo
352 3654 454 3735 repeti
476 3672 560 3733 quae
586 3659 663 3717 tuuc
684 3653 822 3716 dixerat.
856 3650 910 3714 Ex
940 3668 1005 3730 qua
1036 3648 1210 3711 collatione
1242 3645 1342 3707 simul

198 3755 372 3835 intelliges,
395 3755 483 3835 quod
503 3755 556 3818 hic
575 3754 710 3834 legitur,
732 3751 769 3815 ia
785 3762 914 3835 peccato
927 3759 1028 3814 oestro
1041 3745 1233 3822 moriemini,
1249 3764 1343 3808 caus-

199 3874 271 3921 sam
292 3874 362 3921 osso
383 3855 453 3920 cius
475 3857 563 3937 quod
594 3857 663 3919 illic
694 3856 884 3920 enuntiatur
916 3852 1022 3918 verbis
1053 3869 1118 3914 non
1149 3844 1342 3918 invenictis,

264 4065 526 4136 unumst

264 4158 565 4232 mmmmm
