2986 4912
601 345 702 392 curru
726 346 832 393 nonvn
1243 333 1303 400 ‘115

276 429 652 512 32nsaeeu10n0n
681 438 927 511 estouditum
965 437 1047 533 quia
1089 438 1170 534 quis
1207 462 1296 536 ape-

170 565 246 637 ruit
273 566 397 639 ocuios
425 568 524 641 coeci
552 568 640 642 nati.

277 687 329 767 33
356 692 432 767 Nisi
460 707 558 769 esset
599 695 706 768 hicn
745 692 834 777 Deo,
879 716 949 766 non
992 702 1138 790 poterat
1179 693 1298 768 facere

170 820 382 918 quidquam.

280 943 333 1023 3t
358 949 651 1048 Responderunt,
670 963 709 1024 et
727 949 898 1024 dixerunt
916 948 971 1021 oi:
992 947 1211 1047 inpeccatis
1239 974 1303 1024 na-

174 1090 235 1151 tus
254 1101 294 1151 es
312 1091 425 1165 totus,
441 1092 480 1153 et
507 1092 548 1154 tu
565 1080 674 1153 doces
688 1075 777 1152 nos?
792 1075 840 1150 Et
868 1077 1053 1152 eiecerunt
1077 1100 1161 1152 eum
1189 1077 1301 1152 foras.

282 1199 333 1279 35
348 1204 496 1281 Audivit
510 1206 612 1279 Iesus
626 1206 711 1302 quia
730 1205 916 1279 eiecerunt
934 1228 1017 1279 eum
1032 1203 1144 1280 foras:
1165 1218 1302 1280 etcum

176 1333 377 1408 invenisset
392 1357 490 1420 eum,
509 1334 603 1408 dixit
621 1334 667 1406 ei:
706 1332 763 1407 Tu
791 1333 908 1407 credis
936 1334 973 1405 in
1005 1332 1136 1408 Filium
1163 1331 1262 1408 Dei?

284 1455 336 1535 36
363 1459 566 1558 Respondit
584 1461 667 1545 ille,
683 1472 721 1533 et
741 1460 844 1535 dixit:
865 1457 953 1549 Quis
973 1472 1043 1547 est,
1063 1459 1235 1548 Domine,
1265 1473 1306 1535 ut

175 1589 334 1663 credam·
352 1589 388 1662 io
416 1585 531 1662 eum?
1092 1609 1095 1613 ’

285 1711 335 1792 37
365 1716 412 1792 Et
439 1718 532 1792 dixit
559 1717 592 1791 ei
606 1717 720 1790 lesus:
739 1715 786 1790 Et
805 1716 925 1791 vidisti
942 1739 1038 1803 cum,
1058 1719 1172 1816 etqui
1191 1716 1309 1816 loqui-

181 1856 243 1919 tur
271 1857 407 1930 tecum,
436 1845 513 1941 ipse
541 1856 610 1918 est.

289 1965 341 2046 38
368 1970 418 2045 At
447 1971 507 2045 ilie
534 1972 597 2045 ait:
627 1967 745 2044 Credo
760 1969 925 2045 Domine.
941 1970 990 2045 Et
1017 1972 1207 2068 procidens
1223 1972 1310 2044 odo-

182 2103 279 2178 ravit
307 2126 404 2176 eum.

288 2224 339 2305 39
367 2230 415 2304 Et
442 2228 536 2304 dixit
563 2229 677 2305 Iesus:
699 2229 739 2303 ln
759 2230 930 2304 iudicium
945 2253 1012 2327 ego
1031 2232 1067 2304 io
1096 2230 1191 2317 hunc
1207 2253 1310 2304 muu-

179 2359 269 2433 dum
297 2357 392 2432 veui:
422 2357 553 2454 utqui
580 2380 652 2431 non
680 2357 805 2431 vident
832 2357 992 2444 videant,
1021 2370 1058 2432 ct
1099 2357 1161 2456 qui
1188 2357 1313 2432 vident

180 2485 281 2560 caeci
309 2485 411 2558 fiant.
1216 2498 1219 2504 ’

207 2596 209 2601 ’
291 2606 345 2686 td
372 2611 421 2686 Et
447 2613 800 2712 audieruntquidam
828 2636 875 2685 ex
902 2611 1121 2697 Pharnacis,
1137 2611 1198 2711 qui
1231 2633 1314 2685 cum

181 2744 263 2841 ipso
279 2753 396 2826 erant,
411 2754 449 2814 et
463 2740 633 2815 dixerunt
652 2743 698 2814 ei:
719 2739 900 2838 Numquid
915 2753 952 2816 et
971 2765 1038 2815 nos
1054 2739 1152 2814 caeci
1167 2735 1315 2813 sumus?

290 2861 338 2942 di
371 2867 471 2942 Dixit
499 2870 553 2943 eis
580 2869 694 2944 lesus:
724 2866 761 2940 Si
790 2869 886 2942 caeci
907 2868 1050 2953 essetis,
1069 2890 1142 2941 non
1161 2865 1316 2940 habore-

184 2997 235 3071 tis
260 2983 466 3100 peccatum.
494 3021 590 3072 nunc
618 3021 704 3071 vero
730 2996 863 3070 dicitis:
893 2993 984 3086 Quia
1011 2996 1191 3071 videmus.
1221 2993 1315 3068 Pec-

186 3136 313 3200 catum
341 3138 504 3200 vestrum
532 3136 670 3199 manet.

623 3546 874 3597 COMMENTARWM

172 3739 309 3891 'Quod
329 3800 437 3866 Varro
458 3802 587 3883 scripsit
607 3801 646 3863 de
668 3799 832 3877 Terentio,
849 3819 924 3861 cum
941 3796 977 3858 in
992 3792 1108 3858 etherio
1117 3795 1260 3874 patmum
1268 3812 1327 3872 po-

189 3921 272 3965 scere
285 3901 340 3983 (i),
357 3904 475 3966 merito
490 3904 529 3965 de
544 3901 662 3965 Ioanne
684 3902 791 3965 dicere
811 3901 907 3981 licet3
920 3900 988 3976 scd,
1010 3898 1036 3961 si
1057 3914 1184 3976 semper
1204 3896 1237 3957 in
1257 3896 1328 3958 aliis

188 4005 471 4086 descriptionibus,
496 4006 528 4067 in
549 4006 608 4068 hoc
630 4005 795 4069 enimvero
817 4021 915 4082 quom
936 3999 1089 4077 maxim03
1106 3997 1199 4060 cuius
1221 4015 1259 4059 ea
1281 4002 1329 4059 ost

259 4169 294 4239 (1)
313 4171 365 4237 Ap.
385 4168 457 4226 Non.
477 4171 522 4225 lv.
543 4169 603 4221 ott.
