2986 4912
535 297 636 345 cnrvr
660 299 779 349 rnrnvu
1170 289 1211 359 21

73 373 243 455 signabant
263 373 310 439 lo.
333 374 463 454 vult.
481 377 591 445 Tertio
612 385 772 450 articulus
794 406 863 450 rem
884 386 1064 451 confirmat.
1089 387 1217 466 Quarto

77 475 212 542 loannes
232 478 377 560 Baptista
397 483 556 562 propheta
579 493 667 549 certe
680 488 742 550 luit
756 487 811 570 (l),
825 491 930 569 deque
944 491 1013 570 ipso
1034 495 1072 553 ut
1090 493 1129 555 de
1143 513 1219 574 pro-

78 581 173 661 pheta
193 587 286 661 pater
307 582 376 645 eius
398 581 570 649 Zacharias
592 589 786 653 vaticinatus
808 589 928 672 est(2);
942 611 1044 671 quum
1065 611 1143 674 ergo
1164 615 1219 660 ne-

76 682 181 762 gando
210 685 414 764 responderit
441 687 716 768 interrogantibus
745 711 785 753 an
816 693 883 774 ipse
908 699 993 755 esset
1012 688 1216 791 ὃπροφητης,

77 794 229 872 sequitur
249 794 287 849 ut
307 781 502 885 ὂπροφητης
522 811 587 854 non
613 799 696 856 esset
720 813 804 858 unus
835 795 875 856 de
899 792 1086 875 prophetis,
1109 797 1165 859 sed
1184 819 1221 862 o-

78 895 203 957 mnium
214 894 673 971 excellentissimus,Christus
684 900 827 979 inquam,
836 899 1071 985 quemMoyses
1082 902 1143 964 bac
1153 903 1221 984 ipsa

80 996 298 1077 appellatione
332 996 517 1075 signaverat
538 995 579 1078 (3)
586 1020 596 1078 3
624 1001 746 1064 seilicet
764 1001 907 1083 Baptista
923 1024 1085 1099 πρσφητης
1104 1025 1217 1095 μεν...

83 1100 137 1182 ab),
157 1096 353 1199 o‘npepurog
367 1099 400 1167 δε
415 1096 474 1168 οὐκ
491 1096 542 1179 du,
564 1110 602 1166 ut
623 1099 767 1165 Isidorus
781 1101 961 1170 Pelusiotes
977 1109 1056 1170 haec
1082 1110 1224 1189 expliea-

82 1210 132 1272 vit
151 1215 225 1289 post
245 1207 430 1287 Origenem,
453 1207 644 1284 Eusebium,
661 1214 693 1270 et
708 1207 986 1292 Chrysostomum.
1003 1211 1047 1274 At
1061 1216 1144 1276 enim
1159 1217 1223 1278 iam

82 1317 179 1373 antea
193 1309 372 1390 Baptistam
392 1309 441 1369 illi
454 1309 737 1389 interrogaverant
751 1329 791 1372 an
806 1311 872 1391 ipse
887 1318 970 1373 esset
984 1311 1143 1392 Christus,
1163 1318 1224 1379 hae

84 1415 153 1494 ipsa
179 1409 296 1474 Christi
315 1411 532 1493 appellatione
552 1411 705 1473 adhibita.
721 1410 847 1474 Verum
860 1432 966 1491 neque
987 1414 1018 1475 id
1039 1416 1112 1478 illos
1126 1417 1226 1480 inter-

88 1533 219 1594 rogasse
239 1513 391 1592 legimus,
413 1532 519 1592 neque
543 1513 575 1573 id
600 1513 874 1592 interrogantibus
896 1514 1074 1596 Baptistam
1095 1535 1228 1599 respon·

85 1615 192 1692 disse,
217 1614 272 1677 sed
294 1608 497 1707 ὁμολογησαι
526 1615 699 1694 consessum
723 1633 784 1674 esse
808 1633 842 1676 se
863 1633 927 1678 non
952 1635 1020 1679 esse
1046 1614 1223 1682 Christum.

86 1718 176 1782 Alias
189 1718 230 1800 (d)
243 1722 306 1783 alia
328 1740 480 1803 responsa
502 1724 648 1786 dedimus
670 1725 746 1786 huie
767 1731 978 1804 argumento,
1001 1726 1119 1804 quibus
1144 1724 1227 1786 illud

84 1841 218 1901 quoque
242 1823 340 1886 huius
365 1825 468 1886 simile
493 1825 659 1888 refellitur
679 1826 767 1906 quod
788 1827 911 1907 petitur
935 1847 976 1889 ex
997 1847 1029 1890 v.
1052 1824 1104 1889 25.
1123 1826 1227 1888 -lle

86 1920 188 1986 isaiae
208 1923 381 2001 vaticinio,
405 1924 493 2003 quod
513 1924 656 2006 Baptista
677 1927 831 2005 allegavit
850 1926 883 1986 in
907 1946 938 1990 v.
965 1924 1023 2002 23,
1052 1926 1227 2006 disputavi-

86 2043 159 2087 mus
179 2024 212 2085 in
232 2042 331 2104 opero
353 2025 391 2086 de
416 2023 600 2105 Evangeliis
625 2024 661 2089 L.
691 2023 750 2087 ΙΙΙ.
776 2024 859 2088 Diss.
885 2023 1118 2088 xlm-Hoc
1139 2027 1228 2088 testi·

87 2126 196 2187 monio
216 2123 360 2205 Baptista
380 2126 545 2205 protessus
567 2132 616 2189 est
637 2145 754 2189 munus
768 2146 865 2190 suum
881 2127 979 2190 luisse
997 2128 1083 2189 viam
1099 2125 1228 2190 Christo

87 2225 632 2308 praeparare.-Animadvertere
657 2234 787 2309 oportet
811 2234 849 2291 ut
874 2227 1019 2308 Baptista
1043 2227 1083 2289 de
1109 2225 1230 2292 Christi

86 2329 255 2392 diuinitate
277 2333 413 2390 testatus
434 2329 485 2391 sit.
509 2328 625 2392 Aiebat
645 2331 730 2391 enim
758 2330 818 2393 sibi
846 2329 1075 2391 demandatum
1102 2348 1172 2391 esse
1198 2329 1231 2390 id

88 2449 220 2507 curare,
242 2435 280 2491 ut
299 2438 475 2510 pararetur
495 2431 548 2492 via
568 2428 714 2507 Domini,
736 2429 797 2494 Dei
818 2432 986 2507 videlieet,
1008 2449 1126 2493 nomen
1147 2430 1232 2493 enim

92 2543 177 2604 nint
200 2531 300 2593 estin
321 2529 423 2593 isaiae
444 2531 607 2611 raticini03
631 2539 665 2594 at
684 2550 767 2594 evv.
780 2528 830 2595 15.
846 2529 897 2594 27.
918 2525 960 2595 30
983 2537 1119 2611 apparet
1137 2549 1230 2607 eum,

89 2643 143 2704 cui
157 2641 291 2705 loannes
306 2644 393 2707 viam
407 2646 517 2724 parari
532 2644 700 2720 suadebat,
717 2663 786 2706 esse
805 2641 983 2716 Christum,
1001 2640 1120 2720 quippe
1134 2656 1233 2717 quem

89 2742 235 2822 designet
254 2744 303 2806 his
324 2745 445 2807 verbis:
473 2742 537 2819 Qui
555 2752 627 2823 post
649 2761 695 2804 mc
719 2751 870 2803 uenturus
892 2749 947 2813 cst,
970 2738 1047 2802 Post
1066 2757 1113 2800 mc
1133 2737 1230 2800 ocoit.

91 2841 240 2907 Notanda
262 2863 394 2924 quoque
418 2846 618 2926 suspicione
644 2845 729 2907 forte
750 2843 895 2926 Baptista
920 2847 1003 2903 esset
1026 2839 1128 2919 Blias3
1150 2839 1235 2902 seili-

90 2950 145 3007 cet
164 2951 294 3025 putasse
316 2944 454 3008 Iudaeos
475 2944 582 3009 Ellam
603 2944 821 3007 adventurum
842 2947 915 3003 aute
938 2937 1089 3002 Messiam
1102 2936 1164 3020 (5),
1188 2938 1235 2999 di·

91 3046 184 3109 cendi
206 3064 284 3126 ergo
305 3052 381 3109 sunt
400 3065 461 3127 per
480 3046 562 3107 illud
584 3052 710 3125 tempus
732 3043 898 3108 Christum
913 3046 1128 3121 exspectasse,
1145 3045 1234 3102 certe

91 3166 157 3210 uon
182 3147 246 3208 alia
270 3147 309 3208 de
335 3165 448 3208 caussa
475 3146 534 3208 nisi
559 3145 635 3225 quia
660 3143 894 3225 praedictiones
916 3142 955 3204 de
977 3139 1096 3204 Christi
1117 3140 1236 3204 adven-

92 3251 130 3309 tu
154 3247 186 3307 iu
213 3246 296 3309 illud
319 3251 444 3326 tempus
466 3250 694 3324 congruerent.
722 3243 813 3306 Hanc
837 3244 939 3323 ipsam
960 3241 1234 3322 exspectationem

92 3366 131 3410 ea
152 3348 296 3427 produnt
313 3365 398 3426 quae
421 3350 598 3406 narrantur
624 3346 657 3406 in
681 3342 798 3407 Mattb.
822 3340 866 3418 II,
891 3339 911 3404 2
932 3361 1020 3421 seqq.

165 3465 218 3510 vv.
248 3443 371 3512 alr-27.
406 3443 569 3521 Quartum
600 3445 830 3506 testimonium.
857 3441 990 3506 Notatio
1018 3447 1124 3503 sectae
1149 3438 1233 3500 Pha-

92 3549 297 3624 risaeorum,
320 3567 362 3610 ex
383 3567 447 3627 qua
468 3552 561 3609 erant
587 3547 643 3626 qui
668 3546 846 3627 Baptistam
871 3543 1133 3623 interrogabant,
1162 3540 1234 3602 idco

165 3723 199 3790 (1)
224 3721 317 3776 blatth.
340 3724 387 3789 xl,
410 3722 436 3773 9.

165 3815 203 3884 (a)
225 3817 285 3866 cuc.
310 3816 329 3881 1,
355 3815 398 3865 ro.

166 3906 203 3977 (3)
225 3905 325 3961 Putrit.
351 3910 389 3959 lle
410 3909 546 3972 interpret.
574 3907 725 3969 scripturar.
750 3917 815 3954 sacr.
840 3903 868 3953 L.
895 3902 929 3952 ll.
950 3917 976 3967 q.
998 3901 1071 3955 vm.

166 4004 201 4071 (a)
226 4006 264 4055 u.
287 4020 314 4055 n.
337 4002 381 4054 m.

168 4097 204 4167 (ὅ)
223 4098 316 4153 tlann.
339 4097 424 4165 xvh,
445 4096 489 4146 10.
