2986 4912
170 301 202 347 lv

167 382 300 498 pellit,
330 385 442 472 hunc
475 396 689 501 tamquam
718 385 891 500 quidam
926 382 1087 497 scopuli
1122 384 1304 471 circum-

168 528 282 607 stare
315 518 525 610 videntur.
562 525 708 638 Neque
745 549 851 617 vero
886 520 930 606 id
966 548 1112 607 rerum
1142 519 1306 606 dumta-

169 665 241 743 xat
262 664 304 743 et
327 660 520 746 materiei
550 661 747 748 arduitati
777 655 1103 746 attribuendum.
1135 653 1306 742 Accidit

171 803 215 880 ut
244 793 433 909 legentes
456 796 511 882 ad
540 799 749 909 quaedam
771 794 1032 880 offendamus
1053 793 1307 904 inspeciem

171 933 420 1044 pugnantia,
460 961 639 1044 quorum
676 934 754 1019 etsi
790 929 1009 1028 nonnulla,
1046 926 1161 1020 velut
1195 953 1307 1040 quae

173 1067 345 1153 suntin
382 1066 438 1152 lo.
474 1068 554 1169 Vl,
596 1073 647 1156 lo
685 1082 727 1154 et
761 1067 886 1166 XIV,
928 1070 975 1165 7,
1010 1063 1095 1155 levi
1136 1063 1308 1178 negotio

174 1229 413 1315 componas
449 1213 491 1292 at
520 1216 663 1294 cetera
703 1232 789 1290 non
824 1205 936 1290 item.
968 1200 1064 1313 lpsa
1106 1201 1310 1286 orationis

174 1336 310 1427 forma
345 1368 397 1426 ea
426 1351 500 1442 est,
537 1353 583 1429 ut
615 1345 659 1428 in
690 1340 947 1458 argumentis
977 1336 1048 1430 vel
1079 1336 1312 1449 assumptio

178 1477 349 1561 omnino
385 1477 655 1566 desideretur
702 1477 775 1570 vel
803 1475 1052 1588 complexio,
1083 1484 1211 1586 utque
1243 1470 1314 1560 eo

177 1640 284 1714 rum,
320 1641 428 1726 quae
465 1615 673 1716 dicuntur,
704 1641 944 1701 connexum
981 1621 1022 1699 et
1050 1637 1315 1723 consequen·

107 1803 109 1807 ·
177 1752 280 1838 tiam
301 1753 453 1840 deesse
492 1750 614 1840 facile
651 1752 877 1839 existimes.
908 1749 978 1836 Ad
998 1750 1117 1835 ¹haee
1148 1747 1318 1837 accedit

179 1889 282 1975 illud
313 1891 452 2002 ipsum
491 1890 606 2004 quod
639 1891 684 1976 in
721 1888 917 1976 laudibus
957 1886 1125 1974 loannis
1159 1886 1314 1973 merito

155 2027 360 2140 ponitur,
395 2036 540 2141 utpote
570 2027 851 2115 certissimum
890 2025 1081 2118 veritatis
1111 2023 1317 2110 indicium

181 2173 305 2276 atque
327 2163 383 2251 ad
402 2163 533 2249 fidem
551 2162 789 2251 faciendam
820 2160 1164 2262 efficacissimum,
1186 2157 1318 2272 quod-

109 2337 112 2342 ·
182 2328 264 2411 que
299 2300 536 2391 cuiusmodi
568 2301 632 2401 sit,
672 2299 812 2413 paullo
847 2298 1088 2413 diligentius
1127 2296 1317 2383 declare-

183 2435 276 2524 mus
305 2464 482 2523 necesse
508 2445 582 2523 est.
612 2436 705 2523 Non
736 2436 851 2522 idem
880 2436 1095 2549 negotium
1126 2442 1190 2521 est
1218 2432 1318 2519 alio·

184 2603 279 2660 rum
314 2600 534 2661 sermones
573 2572 809 2691 intelligere
852 2573 897 2659 in
936 2573 1118 2684 aliquem
1161 2570 1318 2656 librum

184 2712 352 2811 relatos,
374 2721 499 2823 atque
521 2738 594 2797 eos
614 2738 720 2823 quos
740 2711 841 2803 riva
860 2737 969 2802 voce
989 2711 1100 2795 inter
1124 2736 1171 2796 se
1192 2707 1320 2820 aliqui

185 2849 353 2935 habent.
388 2848 553 2934 Etenim
593 2847 637 2933 in
671 2847 811 2947 rebus
854 2846 908 2933 de
939 2846 1090 2959 quibus
1120 2844 1320 2955 colloqui-

187 3015 283 3072 mur
302 2987 412 3073 inter
433 3012 523 3087 nos,
545 2983 832 3101 significandis
856 2992 1022 3096 partem
1043 3008 1202 3094 operae
1231 3007 1320 3066 non

189 3124 384 3239 exiguam
412 3150 540 3210 sonus
561 3152 610 3210 ac
634 3123 760 3208 llexio
791 3122 921 3222 vocis,
953 3120 1217 3237 gestus’oris
1246 3119 1320 3205 ha·

186 3261 298 3347 bitus
332 3269 374 3348 et
407 3257 701 3359 conformatio,
732 3259 861 3344 animi
883 3257 1057 3345 allectus
1086 3283 1182 3343 sese
1218 3281 1315 3368 pro-

191 3396 357 3499 dentes
379 3406 606 3510 ceteraque
632 3394 875 3485 huiusmodi
904 3396 1101 3481 adiuncta
1121 3393 1202 3481 sihi
1231 3392 1323 3485 vin-

191 3534 351 3634 dicant;
374 3561 552 3645 quorum
568 3541 709 3620 tamen
729 3533 832 3617 nihil
852 3533 1032 3646 exprimi
1056 3530 1214 3642 scripto
1233 3536 1323 3642 pot-

192 3681 269 3772 est,
299 3671 497 3784 quodque
526 3670 813 3784 perspicuitati
841 3678 1069 3783 propterea
1110 3662 1242 3766 deest,
1263 3665 1321 3766 id,

194 3810 266 3921 qui
288 3810 367 3896 hos
388 3835 608 3896 sermones
629 3806 1042 3920 colloquutionesque
1062 3807 1106 3890 in
1126 3803 1323 3891 historias

194 3945 396 4048 referunt,
436 3946 574 4059 aliquo
614 3946 790 4034 artificio
818 3945 1016 4059 supplere
1045 3952 1224 4032 ncces'se
1253 3942 1324 4028 ha·

194 4082 307 4172 bent.
330 4082 386 4171 At
415 4082 606 4186 loannes,
628 4081 743 4169 nullo
774 4074 949 4171 artificio
978 4080 1058 4167 hac
1079 4081 1121 4166 in
1142 4107 1191 4166 re
1210 4082 1323 4180 usus,
