2986 4912
191 297 252 365 114
512 317 544 362 rs
565 315 703 362 rorare!
724 315 973 361 constarunt!

296 398 346 478 21
378 404 560 501 quomodo
587 417 710 477 antem
737 427 833 476 nune
859 404 996 488 rideat,
1022 405 1232 476 nescimus:
1265 417 1330 478 aut

191 531 272 630 quis
299 530 378 605 eius
405 531 548 627 aperuit
574 530 713 614 oeulos,
731 553 800 604 nos
825 532 1029 604 nescimus:
1058 530 1178 626 ipsum
1212 532 1329 604 inter-

191 672 334 756 rogate:
363 672 522 733 aetatem
550 657 675 744 habet,
702 658 781 754 ipse
808 658 853 730 de
881 681 921 737 se
948 658 1133 754 loquatur.

296 779 349 858 22
376 782 473 857 Haec
500 784 671 858 dixerunt
689 796 861 880 parentes
885 787 982 869 eius,
1009 785 1180 882 quoniam
1216 786 1328 860 tinte-

192 911 282 986 hant
308 910 474 984 ludaeos:
504 911 577 982 iarn
604 911 702 985 enim
729 911 1026 1006 conspiraverant
1052 910 1194 996 ludaei,
1221 925 1266 986 ut
1293 913 1324 986 si

190 1038 376 1137 quiscum
404 1036 640 1112 confiteretur
666 1061 747 1110 esse
775 1036 979 1123 Christum,
1015 1051 1121 1112 extra
1162 1061 1323 1136 synago·

191 1190 275 1265 gam
304 1167 423 1240 fieret.

296 1288 350 1369 23
377 1293 575 1390 Propterea
602 1308 773 1390 parentes
802 1295 880 1367 eius
907 1294 1089 1367 dixerunt:
1104 1292 1196 1382 Quia
1215 1308 1322 1368 aeta-

194 1435 270 1498 tem
296 1422 424 1507 hahet,
452 1422 571 1518 ipsum
599 1423 836 1518 interrogate.

295 1542 349 1622 24
376 1547 606 1624 vocaverunt
633 1573 720 1646 ergo
746 1572 892 1624 rursum
919 1550 1128 1634 hominem,
1155 1551 1218 1646 qui
1247 1550 1319 1624 iue-

190 1690 249 1750 rat
275 1700 418 1762 caecus,
447 1690 485 1750 et
511 1677 681 1750 dixerunt
708 1678 754 1749 ei:
784 1675 837 1750 Da
864 1677 1015 1774 gloriam
1042 1677 1130 1751 Deo.
1151 1702 1218 1750 nos
1256 1679 1320 1766 sei·

189 1827 271 1878 mus
298 1805 382 1903 quia
408 1805 469 1879 hie
495 1805 604 1880 homo
632 1819 803 1902 peccator
830 1818 900 1879 est.

294 1928 347 2007 25
376 1932 476 2007 Dixit
503 1957 590 2030 ergo
617 1934 670 2006 eis
697 1934 772 2006 ille:
801 1928 838 2006 Si
865 1946 1036 2031 peccator
1062 1947 1141 2018 est,
1170 1936 1316 2009 nescio:

192 2083 304 2136 unum
331 2061 420 2147 seio,
448 2061 531 2159 quia
559 2084 688 2135 caecus
715 2085 798 2136 eum
826 2085 964 2146 essem,
983 2061 1091 2134 modo
1109 2062 1227 2136 video.

293 2183 347 2263 26
374 2187 554 2263 Dixerunt
579 2213 667 2285 ergo
693 2187 766 2263 illi:
795 2186 889 2277 Quid
915 2188 1003 2263 feeit
1029 2186 1122 2262 tibi?
1163 2213 1318 2287 quomo·

189 2315 236 2390 do
263 2315 407 2413 aperuit
434 2314 501 2390 tibi
528 2313 684 2389 oeulos?

293 2437 346 2517 27
375 2443 577 2540 Respondit
590 2445 655 2520 eis:
672 2444 756 2518 Dixi
771 2445 872 2520 vebis
887 2445 974 2532 iam,
992 2458 1030 2520 et
1048 2446 1212 2520 audistis·
1229 2447 1317 2544 quid

189 2571 322 2643 iterum
352 2569 462 2643 vultis
490 2567 636 2643 audire?
664 2573 839 2670 numquid
866 2586 905 2646 et
922 2597 988 2647 vos
1016 2573 1126 2648 ruitis
1148 2573 1317 2673 discipuli

188 2697 267 2771 eius
294 2695 403 2772 fieri?

294 2819 346 2900 28
375 2825 638 2904 Maledixerunt
656 2852 742 2926 ergo
757 2829 804 2915 ei,
824 2842 863 2903 et
881 2831 1067 2906 dixerunt:
1084 2831 1140 2904 Tu
1158 2831 1319 2928 discipu·

189 2953 246 3028 lus
274 2953 369 3028 iliius
398 2954 460 3029 sis:
489 2981 556 3031 nos
584 2972 708 3032 autem
736 2957 852 3055 Moysi
879 2959 1047 3056 discipuli
1065 2983 1205 3034 sumus.

294 3074 347 3155 29
374 3079 447 3156 Nos
475 3085 611 3159 seimus
639 3085 722 3182 quia
758 3085 873 3182 Moysi
905 3086 1050 3160 loeutus
1092 3100 1151 3162 est
1188 3086 1315 3161 Deus:

189 3210 286 3284 huno
313 3224 438 3288 autem
466 3213 649 3288 nescimus
670 3214 771 3318 ¹unde
800 3215 860 3287 sit.

296 3332 348 3413 30
376 3340 577 3439 Respondit
605 3341 664 3414 ille
680 3340 802 3428 homo,
818 3354 856 3416 et
869 3343 963 3417 dixit
989 3344 1054 3417 eis:
1071 3343 1112 3416 In
1129 3343 1199 3417 hoe
1219 3345 1317 3418 enim

190 3466 354 3543 mirabile
382 3482 439 3542 est
467 3470 551 3568 quia
579 3490 644 3543 vus
672 3470 820 3543 nescitis
861 3471 956 3546 unde
984 3472 1059 3556 sit,
1104 3485 1142 3544 et
1174 3473 1319 3568 aperuit

188 3615 291 3669 meos
319 3594 455 3670 oeulos:

295 3716 339 3797 31
375 3724 509 3800 seimus
537 3740 659 3802 autem
688 3728 770 3825 quia
799 3741 1010 3826 peccatores
1028 3727 1126 3802 Deus
1153 3751 1225 3801 nou
1255 3751 1320 3802 au-

191 3849 256 3924 dit:
287 3852 352 3924 sed
380 3853 411 3925 si
438 3853 519 3952 quis
547 3854 614 3929 Dei
642 3857 761 3931 cultor
788 3869 871 3945 est,
900 3872 939 3932 et
970 3857 1196 3933 voluntatem
1239 3860 1320 3931 eius

191 3977 292 4064 ierit,
321 3979 415 4055 huno
445 3983 606 4070 exaudit.
