2986 4912
583 329 684 379 cleve
708 328 912 381 nvonacruvu
1258 315 1318 384 153

174 432 214 481 ac
234 414 345 481 docuit
364 421 538 496 antequam
570 415 654 480 diem
686 418 812 481 viveret
831 432 1020 499 supremum
1030 440 1042 498 3
1066 435 1143 482 mox
1164 420 1248 482 enim
1268 421 1308 483 ad

173 514 232 581 illa
252 519 367 581 transit
386 535 471 597 quae
484 536 637 600 supremo
652 518 715 582 hoc
728 518 780 582 die
795 524 883 598 gesta
904 524 988 582 sunt.
1014 517 1192 600 Reliquum
1212 521 1310 587 huius

173 619 287 700 capitis
307 626 443 700 apparet
475 638 544 683 esse
569 620 722 683 historiae
743 620 809 683 huc
828 637 934 700 usqne
955 621 1156 701 conscriptae
1180 624 1312 686 conclu-

174 721 319 800 sionem,
342 740 406 801 qua
428 720 562 785 loannes
583 719 719 784 Iudaeos
740 721 877 796 incusat,
894 721 975 784 alios
994 722 1172 801 pervicacis
1192 724 1310 800 animi,

175 821 257 885 ulios
277 823 400 904 pusilli,
412 822 481 903 qni,
494 840 691 903 quamquam
707 827 756 884 tot
769 822 931 901 tantisque
945 822 1141 902 argumentis
1162 841 1201 886 ac
1216 824 1313 904 signis

176 922 281 986 coacti
301 929 340 986 ut
359 925 391 985 in
412 921 578 988 Christum
599 923 789 999 crederent,
812 922 844 984 id
865 929 971 985 tamen
992 923 1045 985 vel
1069 922 1309 1000 detrectarent,

175 1023 231 1085 vel
244 1023 352 1104 palam
365 1023 513 1105 profiteri
528 1029 735 1101 vererentur,
751 1022 922 1086 subiiciens
943 1022 1068 1103 aliquot
1081 1019 1201 1089 Christi
1211 1024 1311 1087 verba

175 1125 326 1205 utrisque
346 1123 665 1188 commonefaciendis
686 1123 871 1205 peridonea.
968 1154 971 1159 >

258 1244 289 1289 v.
310 1224 361 1289 37.
384 1224 471 1291 Nota
492 1226 631 1307 primam
652 1226 735 1288 hanc
755 1225 970 1289 conclusionis
994 1223 1166 1289 universae
1185 1231 1312 1307 partem

176 1326 243 1388 illis
263 1326 420 1390 clausulis
441 1344 578 1408 prorsus
603 1327 784 1408 oppositam
805 1326 923 1407 quibus
943 1326 1086 1408 singulas
1109 1327 1313 1391 narrationes

169 1427 296 1492 absolvi
315 1445 334 1489 a
355 1425 474 1491 Ioanne
494 1445 590 1509 saepe
609 1427 909 1507 animadvertimus,

258 1547 289 1591 v.
311 1524 362 1593 38;
379 1548 422 1592 ex
442 1547 508 1609 qua
530 1535 637 1592 tamen
657 1529 683 1591 is
703 1547 825 1593 novum
839 1529 872 1592 in
885 1548 955 1593 rem
968 1548 1060 1594 suam
1084 1536 1313 1612 argumentum

178 1627 354 1709 depromit,
377 1629 546 1693 ostendens
567 1635 605 1693 nt
626 1627 738 1693 ludaei
757 1630 811 1694 vel
832 1631 895 1693 hoc
914 1631 996 1712 ipso,
1019 1631 1107 1710 quod
1128 1629 1257 1698 Christo
1277 1632 1315 1693 ii-

175 1726 251 1791 dem
271 1728 512 1808 detrectarent,
535 1730 707 1794 oraculum
733 1731 960 1812 impleverint,
982 1750 1085 1795 unum
1106 1751 1124 1796 e
1145 1733 1256 1796 multis
1280 1732 1321 1795 de

177 1824 309 1893 Christo
330 1830 409 1894 olim
429 1831 535 1910 editis,
558 1832 715 1913 quod-est
734 1833 767 1895 in
787 1830 828 1895 Is.
850 1829 940 1911 LlII,
961 1830 994 1912 l,

260 1951 313 1998 vv.
336 1931 387 1999 39.
410 1928 460 2001 40.
483 1934 627 2014 itemque
641 1934 795 2010 alterum,
808 1933 898 2014 quod
906 1933 1030 2014 legitur
1039 1935 1072 1996 in
1083 1933 1124 1998 ls.
1141 1930 1261 2014 v1‚10.
1274 1967 1314 1981 -

175 2030 264 2097 Cave
284 2033 334 2096 ita
356 2051 490 2097 versum
509 2031 550 2101 39
569 2034 742 2115 intelligas,
764 2051 803 2097 ac
823 2033 850 2098 si
871 2034 976 2115 ipsum
991 2035 1178 2099 vaticinium
1198 2054 1313 2100 caussa

176 2134 279 2200 luerit
292 2153 355 2199 cur
368 2133 480 2199 ludaei
504 2132 634 2202 Christo
653 2154 719 2199 non
739 2135 920 2200 crederent.
936 2134 1010 2200 Non
1029 2137 1091 2199 hoc
1112 2142 1200 2201 certe
1222 2135 1315 2201 loan-

175 2255 234 2301 nes
255 2237 364 2301 dicere
383 2238 498 2303 voluit.
515 2236 578 2304 Sed
596 2257 708 2303 sensus
729 2244 779 2303 est
800 2238 871 2302 fieri
891 2257 955 2302 non
976 2239 1119 2320 potuisse
1140 2245 1261 2303 utnon
1281 2240 1313 2302 id

176 2338 384 2421 impleretur,
407 2339 495 2420 quod
514 2358 575 2422 per
595 2338 710 2403 lsaiam
738 2338 827 2404 Deus
848 2339 999 2403 futurum
1018 2339 1238 2421 praedixerat,
1254 2358 1314 2404 cur

176 2444 289 2503 antem
308 2439 532 2522 praediceret,
554 2459 702 2506 caussam
722 2460 765 2506 ex
786 2459 825 2506 eo
846 2439 964 2518 luisse,
988 2440 1076 2522 quod
1097 2441 1142 2504 ita
1163 2439 1314 2503 futurum

178 2559 249 2605 esse
279 2542 495 2623 praevideret.
527 2541 612 2624 hege
641 2541 712 2607 Lib.
750 2541 799 2606 III
830 2542 870 2607 de
900 2542 1085 2624 Evangeliis
1122 2540 1207 2606 Diss.
1241 2540 1311 2605 XV.

176 2661 211 2706 n.
233 2640 284 2708 55.
299 2678 339 2690 -
351 2642 475 2726 Lageus
494 2663 627 2712 versum
646 2640 688 2713 tt
708 2645 759 2709 lac
780 2646 964 2710 memineris
985 2645 1068 2723 eius,
1090 2643 1178 2724 quod
1200 2640 1316 2706 lliero-

173 2759 293 2829 nymus
313 2745 370 2824 ait,
391 2743 429 2809 ic
448 2744 591 2809 omnibus
609 2744 776 2827 scripturis
789 2744 909 2809 sanctis
925 2793 933 2809 .
952 2793 960 2809 .
979 2792 987 2808 .
1003 2745 1158 2826 apostolos
1173 2788 1181 2804 .
1198 2789 1229 2806 ..
1247 2761 1312 2804 noo

176 2845 272 2909 verbe
291 2846 488 2911 considerare
508 2848 561 2911 sed
580 2865 715 2923 sensum,
729 2867 786 2912 nec
807 2849 912 2912 eadem
931 2865 1108 2910 sermonum
1121 2846 1245 2909 calcare
1264 2864 1315 2906 oe·

178 2944 289 3028 stipite,
311 2948 474 3011 dummodo
488 2969 516 3026 c
536 2947 699 3012 sententiis
718 2967 784 3012 coo
803 2950 950 3012 recedant
972 2945 1026 3030 (l).

258 3068 290 3112 v.
313 3044 364 3116 tl.
387 3047 693 3114 luculentissimum
714 3050 933 3114 testimonium
954 3050 994 3113 de
1008 3049 1129 3116 Christi
1149 3048 1315 3114 divinitate

180 3168 200 3212 a
222 3148 341 3213 Ioanne
360 3149 569 3231 perhibitum.
591 3150 629 3213 ln
649 3152 711 3215 hoc
732 3170 832 3216 versu
852 3152 1042 3234 pronomina
1056 3151 1124 3215 eius
1144 3159 1178 3216 et
1197 3171 1230 3214 co
1250 3170 1316 3216 non

179 3248 282 3313 alium
303 3268 402 3330 quam
423 3247 589 3314 Christum
604 3250 771 3332 designant
788 3271 848 3316 nec
869 3251 1037 3334 designare
1058 3250 1315 3335 possuut310an-

178 3367 237 3412 nes
258 3367 337 3430 ergo
357 3356 471 3413 narrat
490 3347 606 3414 lsaiam
627 3356 662 3415 et
681 3350 802 3417 Christi
823 3354 960 3433 gloriam
974 3353 1091 3417 vidisse
1113 3359 1146 3416 et
1165 3352 1204 3415 de
1222 3349 1317 3417 Chri-

179 3455 232 3512 sto
251 3450 428 3530 loquutum
459 3469 539 3513 esse.
574 3449 675 3530 Atqui
696 3449 806 3531 lsaias‚
833 3471 935 3533 quum
956 3452 1038 3516 illud
1059 3453 1202 3534 predixit
1226 3452 1314 3533 quod

180 3548 316 3613 Ioannes
336 3556 580 3628 commemorat,
602 3551 708 3632 ipsum
721 3549 827 3615 Deum
841 3553 1003 3633 huiusque
1025 3553 1160 3633 gloriam
1174 3550 1313 3628 viderat,

181 3651 289 3731 deque
307 3648 377 3714 Deo
397 3651 608 3732 loquebatur3
623 3651 669 3716 sic
689 3652 773 3715 euim
794 3654 863 3716 eins
884 3653 983 3717 verba
1003 3659 1088 3717 sunt:
1117 3650 1187 3715 Vidi
1207 3650 1314 3714 Domi-

181 3767 259 3812 num
272 3750 425 3811 sedentem
435 3768 527 3829 super
537 3751 683 3812 thronum
703 3753 856 3814 excelsum
868 3762 896 3814 ct
911 3754 1062 3814 clevatum
1076 3751 1132 3832 (2),
1144 3753 1176 3817 in
1196 3751 1316 3832 quibus

181 3849 354 3914 Dominum
376 3853 537 3916 redditum
558 3859 606 3918 cst
626 3872 686 3935 pro
709 3855 861 3920 hebraico
885 3857 1011 3920 nominc
1031 3853 1092 3920 Dei
1113 3855 1246 3936 proprio
1267 3860 1316 3917 at-

255 4064 289 4129 (1)
307 4065 338 4116 lo
356 4065 415 4116 hm.
437 4066 469 4134 V,
487 4066 530 4117 27.

253 4157 288 4226 (2)
307 4157 340 4210 la.
358 4160 405 4228 Vl,
424 4159 450 4209 l.
