2986 4912
285 297 325 365 id
626 316 657 363 m
679 317 816 364 totunm
838 315 1085 364 conncnmmvn

284 407 353 464 stus
382 417 513 479 quoque
534 399 617 463 hanc
643 401 752 463 lucem
779 397 878 462 citam
902 399 1096 479 vocavitt'lt.
1123 399 1213 481 Ergo
1237 403 1317 465 baec
1341 420 1427 482 quo-

285 521 349 581 que
373 501 551 563 enuntiatio
571 501 698 564 inversa
720 508 769 564 cst
790 519 850 581 pro
876 510 905 562 et
925 502 983 562 turc
1002 500 1162 564 bominum
1180 510 1248 564 erat
1267 502 1354 576 vita5
1376 503 1429 565 ita⁴

285 600 441 684 Cyrillus.
465 598 599 662 loannes
618 600 695 662 dicit
718 601 797 680 quid
820 602 878 662 tusc
897 600 1056 662 bominem
1077 602 1129 679 sit,
1155 621 1219 664 non
1240 603 1317 682 quid
1341 601 1424 676 cito,

283 703 431 781 illudque
459 708 507 765 cst
530 701 723 779 subiectum,
748 704 810 764 boc
830 703 1065 782 praedicatum,
1087 703 1171 765 sicut
1195 703 1345 782 intelligit
1365 703 1425 782 qui

285 806 365 868 bene
392 812 480 868 tenet
507 811 577 868 tum
601 806 764 868 notionem
788 806 936 881 subiecti,
967 811 1036 867 tum
1057 809 1220 868 notionem
1245 807 1425 887 praedicati

283 907 316 968 in
337 907 608 987 propositionibus
632 907 800 968 aientibus.
817 905 911 969 Dices
926 907 1061 970 sortasse
1083 908 1345 987 significationem
1365 927 1425 970 no-

283 1007 375 1069 minis
399 1005 482 1068 oitae
506 1007 669 1069 definitam
693 1007 757 1068 iam
784 1025 875 1083 esse,
914 1026 952 1069 eo
976 1008 1064 1087 quod
1089 1010 1150 1070 hoc
1175 1027 1291 1070 nomen
1321 1009 1362 1071 sit
1389 1011 1423 1071 in

283 1109 468 1189 praedicato
489 1108 666 1188 superioris
688 1108 914 1170 enuntiationis
941 1106 1071 1188 inipso
1092 1108 1160 1171 vita
1181 1118 1258 1172 erat.
1283 1109 1429 1190 Respon-

285 1210 345 1272 deo
366 1211 399 1270 in
423 1210 592 1289 superiore
620 1209 839 1272 enuntiatione
864 1210 984 1272 nomini
1011 1208 1107 1284 vitae,
1133 1217 1247 1291 utpote
1274 1230 1359 1289 quae
1383 1214 1427 1275 sit

284 1309 318 1370 in
344 1307 453 1371 Verbo
474 1314 512 1370 ut
534 1309 567 1369 in
595 1327 708 1371 caussa
731 1309 839 1385 vitae,
869 1310 1000 1371 subesse
1024 1310 1243 1372 universalem
1270 1331 1424 1389 sensum,

285 1409 339 1470 rel
362 1414 450 1470 certe
477 1409 562 1470 vitae
590 1415 659 1470 tum
686 1409 809 1487 gratiae
833 1415 904 1471 tum
929 1409 1061 1489 gloriae.
1089 1407 1181 1472 Addo
1202 1412 1302 1490 quod,
1316 1412 1341 1474 si
1356 1410 1429 1474 vito

284 1508 319 1569 in
343 1509 448 1571 verbis
474 1516 501 1568 et
526 1506 593 1569 vito
611 1519 678 1569 erat
701 1508 759 1568 terr
783 1506 943 1569 bominum
968 1514 1051 1570 esset
1078 1509 1174 1571 etiam
1198 1510 1266 1574 vita
1288 1512 1425 1590 gloriae,

287 1611 368 1672 falsa
390 1616 473 1673 osset
493 1610 683 1673 enuntiatio.
706 1609 913 1672 Vocabulum
935 1615 1045 1671 autem
1066 1611 1123 1671 loc
1139 1609 1300 1673 bominum
1321 1614 1431 1677 deter-

285 1712 429 1774 minatur
450 1717 520 1774 tum
540 1712 577 1774 iis
596 1731 681 1791 quae
702 1717 897 1790 sequuntur,
915 1718 984 1772 tum
999 1711 1067 1791 ipso
1089 1713 1236 1792 apposito
1250 1713 1424 1779 bominum.

284 1846 326 1858 -
338 1813 380 1875 Et
407 1814 466 1874 loro
486 1811 522 1874 in
540 1812 672 1875 tenebris
689 1812 782 1885 lueet,
806 1821 834 1873 et
856 1812 995 1873 tenebrae
1017 1831 1084 1873 eom
1108 1830 1172 1873 ooo
1192 1815 1428 1894 comprehende-

285 1926 372 1980 rent.
403 1915 440 1978 In
464 1917 512 1979 his
538 1917 677 1978 tenebrae
698 1915 911 1998 metonymico
936 1921 1011 1977 sunt
1025 1916 1183 1977 .bomines
1204 1918 1272 1979 sine
1296 1917 1370 1995 tide,
1394 1925 1429 1982 et

284 2020 416 2099 quidem
436 2017 662 2098 reduplicatioe
684 2025 716 2080 et
736 2037 831 2080 sensu
846 2017 1037 2097 composit03
1053 2018 1142 2096 quod
1164 2018 1356 2081 confirmant
1369 2039 1429 2082 vo-

284 2138 336 2182 ces
361 2137 426 2180 noo
454 2119 759 2198 comprehenderunt.
787 2115 943 2197 Sequitur
968 2118 1080 2190 locem,
1103 2118 1227 2191 lumen,
1243 2140 1305 2210 φως
1326 2127 1430 2183 meto-

284 2222 428 2306 nymicas
450 2241 530 2297 esse,
544 2228 576 2284 et
592 2223 697 2301 ipsum
715 2219 860 2283 Verbum
884 2220 931 2281 his
953 2219 1125 2298 designari3
1147 2223 1217 2279 tum
1238 2221 1363 2280 constat
1382 2218 1430 2280 ita

285 2341 355 2385 osse
380 2324 476 2384 etiam
497 2323 614 2385 inillis
636 2341 701 2382 non
729 2332 797 2382 erat
816 2319 871 2382 itte
892 2320 963 2392 lere,
986 2326 1018 2382 ot
1039 2321 1071 2381 in
1092 2319 1313 2397 sequentibuS,
1343 2336 1430 2398 quae

286 2424 351 2486 illis
379 2430 600 2504 opponuntur,
627 2432 694 2485 erot
719 2424 778 2484 tex
795 2441 881 2484 cera.
906 2421 1125 2486 Conseruntur
1149 2441 1233 2501 quae
1261 2421 1300 2483 dc
1325 2422 1431 2501 gratia

286 2531 320 2588 et
343 2527 480 2589 veritate
509 2526 613 2606 dequo
637 2525 758 2587 iustitia
787 2531 819 2587 ct
847 2524 908 2585 fide
934 2523 1057 2587 Paulus
1084 2523 1213 2603 scripsit
1241 2523 1281 2584 ad
1311 2523 1432 2587 Roma-

285 2645 343 2688 nos
365 2632 398 2689 et
420 2627 460 2688 ad
489 2625 632 2690 Galatas.

364 2747 419 2791 vv.
442 2725 526 2792 6-8.
549 2724 724 2790 Considera
751 2732 789 2788 ut
814 2723 960 2802 Ioannes,
984 2725 1195 2805 posttradita
1217 2743 1361 2803 eaquae
1386 2725 1428 2788 de

285 2827 396 2891 Verbo
419 2828 526 2891 divino
550 2827 633 2890 scire
654 2832 794 2907 oportet,
818 2827 925 2888 statim
946 2826 1019 2888 illos
1043 2827 1178 2906 impetat
1197 2827 1255 2905 qui
1275 2823 1428 2889 loannem

286 2928 464 3010 Baptistam
488 2929 591 3008 pluris
617 2929 777 2990 iaciebant
804 2945 903 3007 quam
928 2925 1111 3014 Christum.

365 3051 418 3094 vv.
441 3028 472 3094 9.
501 3025 551 3096 10.
583 3029 664 3092 Erat
688 3031 745 3090 lor
769 3048 861 3101 vero,
889 3047 968 3109 quoe
991 3026 1156 3089 illuminat
1189 3046 1309 3090 omnem
1333 3028 1433 3090 bomi-

286 3152 357 3194 neoc
381 3132 553 3195 oereientern
573 3132 611 3194 io
634 3134 718 3193 bunc
746 3134 908 3194 mundum.
936 3130 1024 3193 Haec
1050 3133 1108 3192 too
1134 3138 1183 3194 est
1211 3133 1317 3212 ipsum
1350 3131 1434 3195 Ver-

286 3237 377 3314 bum3
404 3253 481 3296 mox
505 3235 589 3296 enim
614 3235 710 3297 buius
733 3233 814 3295 toris
840 3239 927 3313 gesta
952 3240 1197 3309 enumerantur,
1224 3235 1287 3296 hoc
1307 3241 1356 3295 est
1380 3253 1433 3313 ge-

285 3343 334 3398 sta
357 3336 456 3416 ipsius
471 3334 580 3397 Verbi.
608 3334 673 3398 Pro
690 3334 863 3398 venientem
879 3354 993 3416 graece
1003 3343 1051 3398 est
1061 3333 1249 3435 ἐρχομεκον,
1259 3336 1347 3415 quod
1361 3342 1433 3416 pot-

286 3449 337 3505 est
357 3442 521 3522 pertinere
546 3443 600 3505 vel
627 3443 667 3504 ad
692 3441 846 3503 bominem
874 3441 927 3504 vel
951 3441 990 3502 ad
1021 3439 1157 3503 Verbum.

365 3541 506 3606 Mundus
524 3543 555 3602 in
577 3563 609 3604 v.
635 3541 655 3608 9
680 3550 728 3604 est
748 3542 835 3604 orbis
856 3550 1032 3604 terrarum.
1055 3539 1117 3604 Sed
1143 3542 1175 3602 in
1197 3561 1229 3604 v.
1256 3539 1297 3607 10
1320 3547 1353 3602 et
1373 3541 1432 3602 ali-

286 3644 318 3703 bi
342 3650 417 3706 sunt
437 3644 581 3706 homines
609 3644 699 3720 mali,
726 3643 784 3722 qui
802 3641 931 3705 Christo
953 3643 1169 3705 adversantur
1190 3643 1258 3703 sive
1280 3661 1321 3703 ex
1344 3641 1432 3703 dese-

202 3743 204 3747 ’
286 3750 342 3805 ctu
364 3743 438 3805 fidei
459 3745 525 3807 sivo
548 3745 626 3807 vitio
648 3744 834 3808 voluntatis.
857 3741 977 3807 Confer
999 3742 1013 3804 l
1035 3742 1081 3807 lo.
1104 3741 1147 3819 ll,
1168 3739 1218 3806 ib.
1231 3741 1317 3822 Lege
1328 3741 1432 3826 Chry-

284 3851 462 3908 sostomunr
491 3853 523 3907 et
547 3843 766 3926 Augustinum
781 3843 834 3922 (2).

355 4059 394 4127 (1)
415 4064 453 4112 lo.
474 4061 560 4129 xvii,
581 4061 605 4110 3.
628 4062 703 4113 Cons.
729 4059 776 4130 Xi,
797 4059 838 4110 25.

356 4155 389 4223 (2)
414 4158 442 4207 ln
468 4158 508 4208 l‘s.
533 4157 600 4226 mv,
628 4156 654 4206 d.
