2986 4912
168 306 208 377 88
510 324 540 371 in
563 323 698 371 ronnnun
721 298 968 370 cosrnsuramvu

277 410 329 490 39
356 414 432 489 Ηοο
460 430 582 489 autem
611 415 709 488 dixit
732 414 776 487 de
806 413 956 510 Spiritu,
985 434 1095 510 quem
1121 412 1311 510 accepturi

171 556 275 619 erant
303 530 493 618 credentes
521 543 557 615 in
585 565 688 617 eum:
719 542 879 615 nondum
907 541 1005 613 enirn
1033 553 1122 650 erat.
1152 539 1312 637 Spiritus

172 675 293 758 datus,
321 672 408 769 quia
435 672 538 745 lesus
566 671 727 744 nondum
754 682 835 745 erat
862 669 1095 766 glorificatus.

283 795 334 874 to
363 798 420 872 Ex
448 799 508 872 illa
546 822 632 894 ergo
669 798 777 872 turba
805 821 888 871 cum
916 798 1103 871 audissent
1129 797 1197 870 hos
1229 819 1312 869 ser-

174 952 301 1002 mones
328 929 421 1014 eius‚
449 926 637 1002 dicebant:
668 925 734 999 Hie
762 940 819 1000 cst
846 950 931 1001 vere
959 927 1151 1023 propheta.

281 1050 328 1129 dl
361 1056 432 1129 Alii
458 1055 646 1130 dicebant:
676 1054 742 1127 llic
769 1068 826 1128 est
853 1054 1034 1128 Christus.
1063 1051 1218 1143 Quidam
1247 1075 1312 1127 au-

175 1201 252 1259 tem
280 1184 467 1258 dicebant:
498 1181 678 1280 Numquid
705 1206 725 1255 a
753 1180 913 1256 Galilaea
940 1183 1040 1256 venit
1067 1178 1274 1255 Christus?

285 1307 337 1385 lt2
364 1310 488 1385 Nonne
522 1309 708 1408 Scriptura
737 1310 835 1384 dicit:
875 1308 966 1400 Quia
1004 1311 1209 1383 exsemine
1238 1307 1314 1382 Da-

178 1443 251 1527 vid,
285 1453 323 1513 et
359 1440 403 1514 de
433 1439 649 1513 Bethlehem
670 1438 836 1524 castello,
874 1439 936 1512 ubi
969 1437 1192 1524 eratDavid‚
1212 1436 1315 1511 venit

179 1565 380 1644 Christus?

289 1690 339 1769 d3
371 1695 556 1769 Dissensio
590 1695 713 1791 itaque
751 1694 848 1768 sacta
882 1707 939 1769 est
957 1695 994 1766 in
1024 1692 1130 1767 turba
1163 1708 1316 1790 propter

182 1849 279 1899 eum.
1128 1824 1131 1830 '

287 1945 339 2025 dd
366 1949 520 2041 Quidam
549 1963 672 2025 autem
701 1975 748 2023 ex
785 1951 873 2048 ipsis
911 1949 1083 2024 volebant
1115 1950 1318 2047 apprehen·

181 2082 267 2155 dere
300 2103 397 2154 eum:
422 2080 486 2152 sed
519 2101 626 2152 nemo
657 2079 758 2153 misit
787 2101 897 2174 super
930 2100 1014 2150 eum
1046 2100 1188 2152 manus.

289 2203 339 2282 45
369 2206 555 2282 Venerunt
582 2230 667 2304 ergo
700 2207 857 2282 ministri
872 2207 917 2280 ad
935 2205 1143 2292 Pontifices,
1163 2216 1201 2279 et
1220 2204 1319 2278 Pha·

183 2337 334 2410 risaeos.
368 2334 417 2409 Et
453 2335 623 2409 dixerunt
651 2335 703 2408 eis
737 2334 813 2407 illi:
849 2331 967 2424 Quare
1014 2357 1085 2406 non
1114 2333 1320 2408 adduxistis

185 2461 324 2539 illumi
451 2466 454 2474 ’

293 2583 344 2663 lo
371 2589 651 2687 Responderunt
684 2590 868 2665 ministri:
903 2588 1109 2688 Numquam
1140 2590 1191 2664 sic
1219 2589 1321 2664 locu-

186 2735 246 2794 tus
279 2733 337 2795 est
374 2720 496 2801 homo,
529 2719 623 2793 sicut
660 2719 719 2792 hic
747 2719 870 2793 homo.

293 2841 343 2920 d'l
372 2846 652 2944 Responderunt
679 2871 764 2944 ergo
793 2847 845 2921 eis
888 2830 1089 2920 Pharisaei}
1137 2843 1322 2943 Numquid

192 2987 231 3047 et
263 2997 328 3048 vos
358 2974 512 3048 seducti.
536 2970 662 3047 estis?

274 3095 348 3175 *48
376 3100 557 3199 Numquid
594 3127 640 3176 ex
674 3101 897 3199 principibus
935 3102 1065 3200 aliquis
1097 3101 1251 3177 credidit
1287 3102 1325 3176 in

190 3238 288 3317 eum,
317 3244 381 3305 aut
413 3255 460 3304 ex
488 3227 730 3304 Pharisaeis?

256 3425 261 3431 .
298 3352 349 3431 tit
379 3358 442 3432 sed
470 3358 577 3432 turba
605 3359 709 3445 llaec,
739 3381 831 3456 quae
861 3382 933 3431 non
971 3359 1072 3432 novit
1099 3356 1232 3456 legem,
1248 3380 1327 3432 ma·
1367 3442 1370 3449 ¹

191 3486 314 3561 ledicti
348 3499 445 3561 sunt.

302 3609 353 3689 50
382 3614 483 3688 Dixit
515 3612 731 3688 Nicodemus
765 3615 809 3687 ad
838 3638 930 3700 eos,
954 3614 1028 3697 ille,
1051 3615 1113 3710 qui
1149 3615 1251 3688 venit
1284 3614 1330 3688 ad

194 3766 278 3817 eum
307 3757 427 3828 nocte,
460 3742 522 3838 qui
556 3765 649 3816 unus
682 3754 761 3814 erat
796 3767 843 3815 ex
873 3743 977 3839 ipsis:

300 3863 348 3944 51
379 3867 561 3966 Numquid
588 3868 651 3943 lex
694 3882 818 3942 nostra
856 3870 991 3944 iudicat
1023 3869 1228 3952 hominem,
1262 3870 1332 3943 nisi

196 3999 298 4097 prius
327 3997 484 4074 audierit
511 3996 557 4071 ab
584 3996 679 4094 ipso,
708 4011 746 4072 et
773 3999 983 4096 cognoverit
1011 4000 1097 4098 quid
1116 3997 1254 4074 faciat?

308 4120 361 4202 52
389 4125 682 4225 Responderunt,
696 4139 735 4201 et
755 4127 925 4204 dixerunt
943 4127 1002 4202 ei:
1036 4125 1216 4226 Numquid
1236 4140 1276 4201 et
1294 4137 1334 4199 tu
