2986 4912
97 336 104 349 ·
146 297 231 368 *too
503 315 533 364 m
556 313 693 363 tosuucu
716 310 968 363 consumamus

169 429 254 481 cum
280 405 444 503 loquitur
469 403 714 488 mendacium,
743 425 789 475 ex
817 403 974 500 propriis
1006 401 1168 500 loquitur
1183 453 1195 489 ,
1224 404 1310 502 qnia

169 534 327 609 mendax
357 545 427 620 est,
443 541 613 630 etpatcr
640 531 733 604 cius.

279 652 330 736 45
357 658 435 757 Ego
462 669 587 734 autem
616 657 647 732 si
675 658 868 733 veritatem
909 657 1019 745 dico,
1046 681 1119 732 non
1160 657 1312 733 creditis

171 788 275 865 mihi.

278 909 330 990 46
357 911 446 1005 Quis
474 937 521 989 ex
548 911 653 988 vobis
680 926 809 1012 arguet
836 936 895 987 me
910 913 968 988 ¹de
997 911 1173 1013 peccato?
1192 912 1233 987 Si
1249 936 1314 989 ve·

169 1044 319 1119 ritatem
346 1043 428 1117 dico
455 1040 573 1128 vobis,
601 1064 713 1140 qnare
742 1065 814 1116 non
842 1042 990 1116 creditis
1019 1040 1140 1117 mihi?

281 1163 332 1245 47
361 1168 432 1260 Qui
460 1193 507 1244 ex
534 1169 612 1244 Deo
639 1182 710 1258 est,
738 1169 850 1244 verba
878 1169 945 1244 Dei
973 1170 1087 1247 audit.
1113 1169 1314 1269 Propterea

176 1322 241 1374 vos
268 1321 341 1372 non
369 1295 515 1384 auditis,
543 1297 628 1396 quia
656 1319 702 1370 ex
731 1296 808 1371 Deo
835 1321 908 1371 non
936 1298 1040 1373 estis.

285 1419 337 1500 48
365 1425 646 1525 Responderunt
672 1448 758 1524 ergo
786 1425 943 1513 ludaei,
972 1438 1010 1500 et
1051 1425 1225 1500 dixerunt
1253 1426 1312 1500 ei:

174 1549 300 1630 Nonne
328 1552 420 1628 bene
449 1552 603 1627 dicimus
631 1577 698 1628 nos
740 1552 825 1652 quia
853 1551 1106 1629 Samaritanus
1127 1577 1167 1628 es
1195 1566 1252 1638 tu,
1279 1565 1317 1628 et

178 1678 411 1757 daemonium
439 1676 589 1754 habes?
1193 1683 1195 1687 ’

284 1801 335 1882 49
361 1807 566 1906 Respondit
594 1808 710 1884 Iesus:
740 1807 818 1907 Ego
838 1809 1071 1884 daemonium
1090 1833 1163 1884 non
1182 1809 1314 1885 habco:

177 1934 242 2014 sed
268 1934 468 2010 honorifico
495 1935 644 2010 Patrem
663 1960 801 2024 meum,
817 1950 856 2012 et
874 1960 940 2012 vos
960 1936 1206 2012 inhonorastis
1223 1961 1297 2013 me.

283 2059 337 2140 50
366 2064 443 2162 Ego
471 2077 596 2140 autem
624 2088 695 2139 non
722 2088 858 2164 quaero
887 2064 1041 2162 gloriam
1064 2089 1231 2140 meam:
1262 2076 1318 2141 ost

178 2192 241 2291 qui
267 2205 434 2292 quaerat,
451 2206 489 2267 et
517 2192 666 2267 iudicet.

286 2313 335 2394 51
367 2318 499 2408 Amen,
528 2343 634 2393 omen
663 2319 743 2394 dico
762 2320 892 2395 vobis:
922 2319 953 2394 si
980 2321 1064 2419 quis
1106 2345 1317 2398 sermonem

180 2471 306 2523 meum
333 2449 549 2536 servaverit,
578 2460 735 2523 mortem
763 2471 836 2523 non
865 2448 1002 2523 videbit
1028 2448 1065 2523 in
1093 2462 1300 2527 aeteruum.

288 2570 341 2651 52
370 2575 548 2652 [fixerunt
574 2600 661 2675 ergo
689 2575 824 2651 ludaei:
853 2574 957 2651 Nunc
983 2577 1220 2674 cognovimus
1236 2579 1318 2677 quia

181 2703 413 2778 daemonium
442 2704 570 2778 habes.
601 2703 787 2778 Abraham
815 2719 983 2779 mortuus
1008 2718 1079 2790 est,
1099 2719 1137 2780 et
1155 2705 1319 2804 Prophe·

182 2847 256 2907 tae:
291 2846 329 2908 et
362 2844 404 2907 tu
435 2832 537 2906 dicis:
569 2832 606 2906 Si
640 2833 722 2930 quis
755 2856 963 2908 sermonem
990 2857 1115 2908 meum
1144 2858 1319 2909 servare-

183 2959 245 3049 rit,
275 2983 355 3034 ‚non
389 2959 550 3056 gustabit
580 2972 739 3033 mortem
769 2959 806 3031 in
844 2972 1048 3033 aeternum.

290 3080 342 3161 53
371 3085 551 3184 Numquid
571 3099 611 3161 tu
642 3086 757 3160 maior
785 3110 825 3160 es
844 3098 948 3184 patre
964 3098 1090 3162 nostro
1118 3085 1320 3176 Abraham,

184 3212 247 3311 qui
279 3225 446 3287 mortuns
478 3209 566 3287 est?
590 3226 629 3287 ct
660 3211 867 3310 Prophetae
897 3216 1033 3289 mortui
1075 3227 1179 3289 sunt,
1204 3212 1322 3306 Quem

185 3353 223 3415 te
257 3341 377 3438 ipsum
414 3337 540 3415 facis?

289 3460 346 3565 54
374 3467 576 3565 Respondit
608 3468 723 3542 lesus:
745 3467 782 3542 Si
816 3493 883 3567 ego
913 3469 1075 3567 glorifico
1093 3492 1152 3544 me
1173 3469 1322 3568 ipsum,

186 3592 300 3692 gloria
329 3616 411 3668 mea
448 3595 539 3668 nihil
572 3607 650 3668 est:
671 3610 729 3669 est
762 3594 873 3670 Pater
901 3620 1022 3681 meus,
1050 3599 1113 3695 qui
1145 3596 1324 3695 glorificat

186 3746 261 3812 me,
290 3746 401 3820 quem
430 3748 495 3797 vos
523 3723 644 3798 dicitis
682 3724 766 3821 quia
800 3725 898 3800 Deus
937 3739 1060 3802 vester
1092 3741 1163 3812 est,

195 3909 198 3913 .
294 3845 345 3925 55
375 3863 413 3925 et
440 3875 511 3926 non
527 3852 746 3950 cognovistis
776 3876 872 3928 eum:
890 3878 957 3951 ego
977 3867 1100 3928 autem
1120 3855 1204 3928 novi
1225 3879 1323 3931 eum:

186 3979 236 4054 Et
268 3980 299 4054 si
331 3980 456 4053 dixero
494 3981 576 4078 qnia
607 4006 678 4056 non
712 3982 787 4058 scio
819 4007 918 4069 eum,
951 4008 1015 4060 ero
1048 3982 1178 4059 similis
1208 3986 1324 4075 vobis,

188 4106 358 4180 mendax.
393 4103 464 4180 Sed
498 4106 572 4181 scio
602 4130 700 4193 eum,
734 4122 772 4182 et
805 4130 1013 4185 sermonem
1051 4109 1129 4188 eius
1162 4130 1285 4185 servo.
