2986 4912
591 341 692 390 otrvr
716 341 898 391 vnurcmvu
1269 329 1328 398 185

190 433 228 508 ln
261 433 459 518 civitatem,
489 455 580 530 quae
614 434 746 506 dicitur
773 432 948 531 Ephrem,
979 444 1016 508 et
1036 434 1085 508 ihi
1114 432 1325 512 morabatur

191 576 274 636 cum
306 559 490 658 discipulis
523 561 611 634 suis.

296 684 347 762 55
375 683 586 761 Proximum
619 698 741 761 autem
771 699 850 769 erat
869 686 1011 762 Pascha
1031 689 1266 766 ludaeorum:
1286 705 1326 768 et

191 817 432 891 ascenderunt
464 815 569 890 multi
602 815 863 911 lerosolymam
899 818 944 891 de
977 818 1123 916 regione
1152 821 1325 896 antePa·

190 945 291 1031 seha,
322 957 366 1017 ut
399 943 666 1017 sanctificarent
695 943 866 1039 seipsos

295 1065 347 1144 5ss
374 1061 603 1162 Quaerebant
650 1093 734 1167 ergo
772 1070 918 1147 lesum:
950 1087 988 1147 et
1021 1072 1321 1173 colloquebantur

190 1199 237 1271 ad
265 1200 433 1285 invicem,
454 1201 489 1272 in
523 1198 661 1296 templo
689 1192 849 1273 stantes:
867 1198 959 1290 Quid
979 1203 1131 1300 putatis,
1146 1204 1228 1301 quia
1252 1228 1324 1279 non

188 1325 290 1399 venit
322 1328 364 1400 ad
398 1327 492 1400 diem
526 1325 691 1402 festum?
719 1326 903 1403 Dederant
922 1342 1046 1404 autem
1062 1331 1270 1416 Pontifices,
1284 1345 1324 1408 et

188 1451 375 1526 Pharisaei
407 1454 631 1540 mandatum,
665 1466 707 1527 ut
734 1455 765 1527 si
797 1455 878 1552 quis
906 1458 1117 1555 cognoverit
1163 1458 1224 1534 uhi
1262 1459 1323 1540 sit,

188 1580 338 1668 indicet,
373 1597 413 1657 ut
450 1583 724 1681 apprehendant
757 1606 853 1657 eum.

696 1827 820 1843 m!-

629 1994 883 2047 conunnmntvlt

183 2288 217 2335 v.
241 2267 271 2334 1.
296 2207 410 2331 Haec
431 2288 494 2331 non
513 2271 617 2332 multo
637 2276 710 2350 post
735 2271 891 2333 sollemne
918 2268 1147 2334 encaeniorum
1173 2272 1318 2335 evenisse

182 2377 319 2452 apparet
339 2390 380 2432 ex
403 2389 432 2432 v.
455 2367 484 2433 8.
509 2368 593 2449 Lege
614 2369 683 2432 Lib.
707 2368 739 2431 II
762 2371 800 2433 dc
821 2370 1005 2449 Evangelils
1020 2369 1138 2435 Annot.
1154 2369 1320 2435 CXIII.—

182 2470 337 2535 Bethania
369 2471 507 2533 distahat
537 2472 577 2532 ab
599 2473 680 2534 urhe
701 2470 929 2557 HIerosolyma
950 2470 1064 2532 stadiis
1084 2471 1263 2552 quindecim
1283 2472 1331 2536 vs

183 2571 245 2650 18,
278 2592 363 2652 quac
391 2579 466 2634 sunt
487 2573 552 2635 duo
573 2574 697 2649 millia,
730 2574 842 2653 paullo
863 2574 990 2649 minus,
1023 2592 1138 2636 versus
1159 2580 1269 2637 ortum
1289 2574 1322 2636 ln

182 2680 291 2736 monte
311 2672 453 2736 OliVeto.
476 2673 564 2736 Haec
585 2672 740 2736 Bethania
761 2676 825 2736 alia
846 2683 895 2737 est
915 2694 953 2738 ac
974 2675 1046 2750 illa,
1069 2674 1163 2737 culus
1185 2672 1320 2737 Ioannes

182 2788 283 2855 supra
303 2775 335 2836 in
357 2773 403 2837 Io.
427 2773 453 2836 1.
477 2773 740 2856 rememorent,
761 2778 840 2839 ilem
861 2778 924 2839 alia
946 2795 984 2839 ao
1006 2796 1089 2856 quae
1104 2780 1198 2839 estin
1212 2767 1317 2839 Marc.

180 2875 240 2953 XI,
264 2875 295 2954 1,
317 2878 414 2956 inque
429 2875 508 2938 Luc.
525 2877 614 2955 XIX,
630 2876 671 2942 ‘29
685 2886 717 2940 et
731 2877 849 2955 XXIV,
862 2874 913 2953 50,
927 2897 1077 2958 quaeque
1092 2876 1319 2959 Hierosolyma

180 2981 321 3042 distabat
346 2979 489 3058 quiuque
512 2980 632 3042 stadiis.
661 2978 746 3060 Lege
775 2979 844 3041 Lib.
876 2977 907 3040 ll
933 2979 972 3041 de
993 2970 1177 3059 Evangeliis
1197 2976 1316 3041 Annot.

179 3077 341 3142 CXXXII.

260 3197 291 3243 v.
313 3178 344 3243 2.
373 3178 506 3243 loannes
538 3186 770 3243 commemorat
811 3180 899 3260 quod
930 3179 1074 3241 nondum
1098 3184 1314 3255 narraverat,

177 3283 235 3346 sed
256 3289 363 3344 tamen
383 3283 504 3345 sciehat
533 3287 647 3344 notum
675 3282 739 3343 iam
760 3301 828 3345 csse
850 3288 1119 3361 compertumque
1153 3299 1171 3342 e
1203 3281 1318 3343 ceteris

175 3383 364 3462 evangeliis,
387 3383 506 3463 quippe
527 3383 583 3461 qui
604 3393 676 3462 post
697 3389 821 3445 ceteros
843 3383 1055 3462 evangelIstas
1076 3381 1254 3462 scripsere
1271 3388 1320 3444 est

176 3484 263 3545 enim
283 3484 315 3544 id
337 3483 424 3563 quod
445 3485 568 3562 legr‘tur
588 3485 621 3545 ln
641 3482 748 3546 Matm
768 3482 894 3560 XXVI,
918 3480 1023 3559 6-13,
1046 3483 1079 3544 iu
1099 3480 1203 3544 Marc.
1226 3479 1316 3557 XIV,

175 3582 256 3661 3-9,
280 3586 364 3647 otiu
385 3583 432 3647 Io.
456 3583 531 3661 XII,
555 3582 631 3648 1-8.
656 3584 817 3665 Equidem
839 3587 922 3647 hanc
947 3583 1087 3646 Mariam
1116 3584 1216 3644 aliam
1248 3602 1317 3646 esse

174 3693 312 3749 autumo
333 3705 371 3748 ao
393 3687 564 3749 mulierem
586 3676 628 3748 de
647 3705 712 3765 qua
733 3693 782 3749 est
802 3687 834 3747 in
854 3685 933 3749 Luc.
958 3683 1040 3761 Vll,
1062 3679 1189 3759 :tt-50,
1214 3702 1317 3762 quum

173 3789 243 3868 lpse
264 3786 369 3850 Lucas
390 3795 566 3868 utramque
587 3788 785 3868 distinguere
807 3806 845 3849 ac
866 3787 1010 3850 dlviderc
1037 3785 1199 3848 videatur.
1234 3784 1317 3847 Con·

175 3889 228 3951 Ier
249 3887 328 3952 Luc.
353 3889 395 3965 X,
417 3885 534 3953 38-13.

174 4030 177 4041 ·
255 4010 286 4053 v.
310 3989 340 4054 3.
366 3991 487 4054 Recole
509 4010 594 4071 quae
615 3991 841 4055 annolavimus
862 3991 953 4052 initio
976 3986 1089 4068 capitIs
1112 3984 1168 4049 IX.

253 4111 284 4153 v.
309 4085 338 4154 1.
363 4090 436 4155 Non
457 4092 545 4172 quod
576 4091 721 4154 Lazarus
753 4111 796 4154 ex
826 4091 889 4166 hac
919 4090 1103 4152 iufirmitate
1135 4087 1316 4149 moriturus

169 4211 236 4254 non
257 4200 352 4269 essct,
375 4194 429 4257 sod
452 4195 527 4273 quia
551 4194 700 4256 futurum
721 4197 850 4269 eratut
871 4196 1022 4254 mortuus
1042 4189 1131 4255 haud
1154 4184 1311 4265 maneret,
