2986 4912
502 315 602 366 ChPVT
626 317 752 366 shxrvh

544 514 724 565 concedere

120 693 159 763 47
191 697 302 771 Amen,
323 715 413 762 amm
435 698 504 760 dieo
525 699 622 762 vohis:

77 795 138 872 Qui
151 797 249 861 eredit
269 798 305 861 ia
332 817 390 873 me,
412 799 501 862 hahet
526 803 624 866 eitam
639 800 703 880 Qui
716 806 885 867 manducat
899 805 982 868 tane
1000 825 1127 885 panem,
1146 807 1195 868 ui-

72 909 238 963 oeterrtom.
637 903 913 967 vetiaaeteraum.

404 1104 622 1172 SERMONIS
642 1104 861 1172 EFFECTVS

152 1303 193 1373 66
212 1307 297 1370 Haeo
318 1309 401 1372 diait
420 1309 456 1374 ia
476 1330 634 1391 sqaaqoqa
654 1312 777 1386 doceas,
799 1309 835 1373 ia
860 1309 1089 1392 capharnaum.

149 1402 188 1472 dl
207 1406 306 1473 Multi
324 1427 395 1489 erqo
415 1409 576 1472 audientes
595 1429 634 1472 eae
653 1409 818 1490 dissipatis
838 1407 921 1484 eius,
946 1408 1107 1472 dixerant:
1128 1409 1195 1473 Du·

68 1523 126 1568 rus
146 1516 189 1569 est
208 1506 258 1569 hie
278 1528 389 1582 sermo,
411 1518 440 1571 et
458 1509 529 1590 quis
544 1520 647 1591 potest
667 1529 734 1572 eum
756 1505 895 1573 audire?

146 1605 187 1672 62
205 1605 313 1672 Seieas
339 1620 442 1674 autem
461 1610 549 1674 Iesus
562 1614 647 1693 apud
659 1611 851 1692 semetipsam
871 1611 948 1693 qaia
961 1621 1194 1675 murmurarent

66 1707 104 1770 de
127 1710 184 1771 hoe
210 1708 360 1791 discipuli
382 1711 460 1786 eius,
488 1711 573 1774 diaeit
595 1712 651 1775 eis:
665 1712 733 1776 Hae
756 1731 811 1774 eos
833 1708 1064 1775 scandalizat?

146 1808 186 1875 63
205 1809 241 1875 Si
259 1832 331 1891 erqo
350 1812 494 1876 videritis
513 1812 634 1876 Filiam
654 1812 789 1876 dominis
809 1813 1023 1875 ascendentem
1049 1812 1103 1875 uhi
1123 1823 1191 1876 erat

62 1907 190 1990 priasi’

145 2008 186 2080 ht
203 2010 341 2093 Spiritus
360 2023 416 2088 est,
437 2014 493 2096 qui
505 2014 667 2096 vivificat:
689 2035 762 2078 earo
783 2033 847 2076 aaa
862 2017 989 2095 prodest
1008 2014 1189 2096 quidquam.

68 2113 172 2186 aerbo,
193 2132 271 2194 quae
292 2133 345 2194 eqo
369 2116 490 2178 loeutus
516 2133 584 2177 sum
603 2113 701 2187 vohis,
721 2112 853 2194 spiritus
873 2123 902 2177 et
921 2113 989 2176 vita
1008 2125 1092 2178 suat.

146 2210 186 2279 65
204 2212 264 2278 Sed
282 2225 357 2278 suat
375 2215 502 2298 quidam
523 2235 561 2278 ea
580 2215 689 2290 vohis,
710 2215 765 2297 qui
795 2235 860 2277 aaa
895 2217 1034 2280 creduut.
1070 2213 1191 2280 Sciebat

72 2309 151 2377 raim
171 2313 209 2377 ab
228 2313 324 2379 initio
342 2314 430 2380 Iesus
449 2315 504 2398 qui
533 2326 631 2380 esseut
660 2336 725 2379 aaa
755 2319 932 2391 eredentes,
954 2315 1071 2399 etquis
1092 2315 1194 2382 tradi-

70 2425 158 2478 durus
178 2425 348 2480 esset‘eum.

145 2513 185 2581 66
204 2515 248 2579 Et
266 2516 400 2581 dicebat:
421 2519 591 2599 Propterea
611 2519 682 2582 diai
700 2519 798 2593 vohis,
819 2519 896 2600 quia
919 2537 1007 2583 nemo
1023 2527 1124 2599 potest
1143 2537 1195 2580 oe·

63 2615 134 2680 aire
153 2619 195 2679 ad
213 2637 273 2693 me,
293 2618 359 2681 uisi
376 2620 475 2700 fuerit
493 2619 522 2683 ei
542 2621 650 2685 datum
670 2641 691 2683 a
710 2621 807 2684 Patre
826 2639 901 2684 meo.

143 2717 183 2785 67
202 2718 256 2782 Ero
274 2721 330 2782 hoe
350 2720 444 2784 matti
463 2721 688 2803 discipulorum
708 2720 773 2785 eius
794 2720 937 2785 abierant
957 2729 1057 2785 retro:
1078 2729 1107 2783 et
1126 2719 1192 2784 iam

61 2838 130 2882 aaa
149 2838 219 2884 eum
238 2820 296 2885 illo
315 2822 526 2886 ambulabant.

145 3020 176 3066 v.
205 2999 255 3066 26.
283 3001 430 3067 Christus
458 3003 629 3067 exorditur
653 2999 790 3067 Iudaeos
814 3003 1065 3086 reprehendens,
1092 3001 1191 3081 quod,

67 3122 171 3184 quum
195 3104 354 3169 miracula
375 3105 537 3183 vidissent,
564 3106 707 3169 nondum
735 3111 841 3168 tamen
862 3107 1042 3182 crederent,
1069 3102 1195 3166 tametsi

65 3205 128 3285 ipsi
140 3205 299 3372 miraqonla
313 3226 373 3286 pro
387 3213 578 3288 argumento
593 3208 749 3271 haherent
769 3206 895 3271 divinae
914 3205 1092 3286 legationis.
1111 3200 1194 3268 Con-

68 3303 121 3367 fer
140 3324 194 3369 vv.
261 3352 269 3367 .
294 3303 345 3370 36.

144 3427 176 3470 v.
198 3405 249 3472 27.
265 3405 410 3488 Analoga
423 3409 662 3488 reprehensioni
676 3408 860 3472 exhortatio
866 3427 878 3487 3
894 3407 990 3470 fidem
1003 3424 1067 3468 uon
1087 3421 1193 3466 eseam

65 3514 284 3589 quaerant.-
296 3506 415 3581 Cibum,
430 3513 528 3588 quem
549 3527 707 3588 quaerere
726 3509 892 3584 iubentur,
915 3506 1018 3569 fidem.
1031 3523 1100 3568 esse
1119 3521 1194 3564 ana-

63 3610 151 3690 logia
172 3610 309 3674 ostendit
328 3610 518 3673 hortationis
539 3617 572 3673 et
592 3611 859 3692 reprehensionis,
883 3608 960 3671 item
981 3607 1076 3681 ratio,
1097 3622 1196 3685 quam

67 3709 216 3776 Christus
240 3712 415 3792 subiungit,
439 3720 472 3775 et
498 3714 652 3776 sermonis
676 3732 750 3793 pars
772 3731 856 3793 quae
876 3709 1024 3791 proxime
1047 3706 1197 3786 sequitur

65 3832 118 3878 vr.
148 3809 265 3880 28-30.
279 3810 495 3892 -Siqaaoit;
517 3815 640 3877 scilieet
663 3814 762 3894 signa,
779 3831 864 3893 quae
878 3807 1025 3875 Christus
1045 3805 1194 3880 faciebat,

64 3919 156 3977 notas
185 3933 253 3977 esse
277 3915 394 3994 quibus
415 3920 509 3996 pater
531 3915 636 3994 ipsum
660 3913 813 3994 siqaaait,
835 3917 873 3976 ut
894 3913 923 3976 ei
943 3911 1038 3973 fidem
1058 3907 1195 3988 quisque

67 4015 214 4078 haberet.
238 4013 358 4081 Confer
371 4014 418 4078 lo.
442 4012 503 4093 111,
518 4011 567 4078 33.
581 4013 716 4078 -Nota
740 4015 806 4080 vim
827 4014 916 4077 illins
937 4000 1104 4094 appositia‘
1124 4004 1192 4085 θεος

62 4112 161 4187 Deus,
189 4133 255 4194 quo
281 4112 428 4182 Christus
449 4112 593 4179 declarat
616 4112 747 4193 quinam
774 4113 815 4179 sit
836 4113 863 4178 is
883 4131 981 4196 quem
995 4121 1119 4194 patrem
1137 4128 1196 4191 ap-

62 4215 254 4296 pellarerat.
