2978 4920
259 308 300 374 52
622 325 656 371 m
680 325 817 372 roanuru
843 294 1090 372 conuunrtm'vu

267 412 323 485 xit
350 411 416 485 illi:
456 411 549 484 Ecce
586 435 697 484 sanus
729 411 848 486 factus
877 436 938 485 es:
959 414 1030 484 iam
1052 411 1125 484 noli
1155 434 1327 506 peecare,
1358 434 1404 483 ne

268 538 427 614 deterius
460 538 526 612 tibi
555 537 690 634 aliquid
724 540 923 635 contingat.

379 659 428 738 15
463 664 563 739 Abiit
594 665 654 738 ille
687 666 818 748 homo,
858 679 895 738 et
933 666 1116 738 nunciavit
1152 665 1295 737 ludaeis
1320 664 1407 762 quia

272 792 374 866 lesus
407 804 519 875 esset,
553 791 615 889 qui
648 791 735 864 feeit
764 814 847 864 eum
882 815 1023 865 sanum.

380 911 430 991 16
460 918 654 1015 Propterea
673 918 985 1014 persequebantur
1012 919 1133 993 ludaei
1154 920 1296 1004 lesum,
1325 917 1412 1016 quia

244 1043 362 1142 ,haec
390 1043 548 1118 faciebat
572 1045 608 1115 in
629 1043 797 1117 sabbato.

381 1164 431 1243 17
460 1170 561 1243 lesus
581 1182 703 1243 autem
726 1169 913 1265 respondit
935 1171 1008 1243 eis:
1030 1170 1139 1243 Pater
1161 1192 1405 1267 mensusque

275 1298 383 1370 modo
411 1308 606 1391 operatur,
634 1308 673 1368 et
700 1319 767 1390 ego
795 1319 938 1390 operor.

382 1414 432 1492 18
459 1419 656 1515 Propterea
694 1443 778 1515 ergo
811 1422 926 1515 magis
958 1421 1182 1516 quaerebant
1213 1443 1300 1494 eum
1344 1421 1406 1494 lu-

274 1545 354 1618 daei
392 1544 607 1646 interiioere:
642 1545 725 1641 quia
759 1568 829 1618 non
863 1545 979 1617 solum
1010 1546 1174 1619 solvebat
1195 1547 1412 1629 sabbatum,

274 1671 338 1743 sed
367 1681 405 1744 et
440 1682 583 1765 patrem
617 1692 722 1742 suum
760 1669 902 1742 dicebat
931 1669 1059 1754 Deum,
1080 1673 1270 1768 aequalem
1292 1671 1413 1745 se'fa-

275 1796 374 1869 oiens
407 1794 497 1868 Deo.
526 1794 728 1890 Respondit
764 1796 887 1890 itaque
921 1795 1037 1879 lesus,
1067 1809 1106 1868 et
1136 1797 1227 1869 dixit
1261 1798 1329 1871 eis:

384 1915 434 1994 19
463 1917 597 2005 Amen,
635 1920 848 1994 amandino
882 1921 1004 1993 vobis:
1039 1945 1109 1994 non
1137 1936 1261 2017 potest
1295 1923 1415 1998 Filius

277 2071 297 2120 a
331 2070 370 2120 se
402 2045 523 2119 facere
551 2045 761 2143 quidquam,
795 2045 863 2117 nisi
891 2046 987 2142 quod
1024 2047 1155 2119 viderit
1187 2047 1341 2124 Patrem
1359 2050 1416 2124 fa-

277 2173 447 2246 cientem:
467 2195 716 2268 quaecumque
753 2173 849 2247 enim
877 2172 938 2244 ille
967 2172 1110 2255 fecerit,
1144 2173 1236 2248 haec
1270 2190 1310 2250 et
1355 2176 1418 2250 Fi-

277 2300 348 2374 lius
386 2298 554 2373 similiter
580 2299 682 2371 facit.

385 2421 438 2499 20
475 2425 585 2499 Pater
622 2427 718 2498 enim
760 2425 876 2520 diligit
913 2424 1073 2510 Filium,
1107 2437 1145 2498 et
1180 2428 1305 2503 omnia
1346 2432 1418 2506 de-

280 2565 461 2627 monstrat
496 2553 543 2638 ei,
581 2574 673 2650 quae
696 2552 773 2648 ipse
811 2550 919 2623 saoit:
951 2562 988 2623 et
1026 2551 1167 2624 maiora
1186 2554 1244 2627 his
1265 2555 1420 2631 demon·

241 2745 244 2749 .
280 2677 412 2753 strabit
440 2679 472 2750 ei
506 2700 630 2774 opera,
666 2688 705 2749 ut
734 2698 799 2748 vos
833 2675 1026 2747 miremini.

386 2799 434 2878 21
468 2804 578 2877 Siout'
602 2804 698 2874 euim
728 2801 837 2873 Pater
873 2802 1025 2874 suscitat
1053 2818 1249 2893 mortuos,
1284 2823 1324 2883 et
1367 2811 1421 2884 vi-

281 2928 416 3006 vificat:
447 2930 500 3002 sio
532 2943 570 3002 et
607 2927 732 3008 Filius,
765 2949 856 3021 quos
885 2925 976 3008 vult,
1015 2928 1187 3002 vivificat.

387 3052 440 3129 22
472 3052 595 3149 Neque
632 3053 729 3123 enim
762 3049 871 3123 Pater
907 3050 1042 3124 iudicat
1079 3076 1324 3152 quemquam:
1355 3063 1421 3135 sed

283 3202 390 3256 omne
419 3180 590 3255 iudicium
620 3177 719 3250 dedit
746 3175 857 3260 Filio,

390 3303 443 3381 23
477 3318 517 3378 ut
550 3326 677 3376 omues
709 3302 947 3376 honorificent
984 3303 1142 3389 Filium,
1172 3307 1268 3382 siout
1301 3311 1425 3387 hono-

284 3435 427 3508 rificant
443 3431 608 3503 Patrem:
629 3427 780 3525 quinon
803 3426 1016 3502 honorificat
1034 3428 1187 3516 Filium,
1208 3456 1281 3507 non
1302 3436 1426 3513 hono-

284 3559 403 3634 rificat
429 3557 590 3638 Patrem,
627 3555 688 3649 qui
719 3554 823 3628 misit
855 3554 969 3627 illum.

394 3675 448 3754 24
475 3678 605 3764 Amen,
639 3702 745 3751 amen
774 3680 854 3752 dico
897 3680 1027 3764 vobis,
1057 3683 1140 3777 quia
1174 3684 1237 3780 qui
1267 3690 1430 3765 verbum

289 3831 411 3884 meum
439 3807 555 3890 audit,
590 3819 627 3880 et
663 3807 778 3879 credit
801 3808 853 3889 ei,
873 3810 933 3902 qui
968 3807 1070 3880 misit
1103 3831 1185 3895 me,
1220 3811 1340 3888 habet
1376 3820 1432 3892 vi·

288 3951 365 4009 tam
394 3945 592 4016 aeternam,
622 3945 659 4004 et
695 3933 726 4003 iu
752 3933 922 4004 iudicium
948 3955 1018 4006 non
1048 3933 1160 4018 venit,
1189 3936 1253 4009 sed
1279 3945 1434 4018 transiit

291 4069 459 4133 amorte
498 4059 533 4129 in
562 4057 688 4132 vitam.
