2986 4912
439 238 541 291 enarr
563 239 729 290 snevnnm
1137 229 1176 297 31

130 351 163 396 v.
185 328 236 394 la.
260 327 500 410 Capharnanm,
520 346 619 407 qnam
640 327 825 392 Matthaeus
835 325 876 408 (l)
889 330 1051 394 civitatem
1066 327 1185 394 Christi

51 433 207 514 appellat,
224 430 312 510 quod
333 431 365 491 in
386 448 424 492 ea
445 430 471 492 is
487 430 681 511 plerumque
700 429 842 509 degeret,
858 431 918 492 sita
933 437 1004 494 erat
1016 432 1056 492 ad
1076 433 1185 495 lacum

51 533 231 597 Tiberiadis
252 534 284 594 in
308 531 464 597 Galilaea.
491 531 598 594 Habes
619 533 676 610 qni
697 538 729 596 te
753 533 792 594 de
813 552 851 595 ea
872 535 968 615 plura
989 535 1133 598 doceant.
1146 569 1187 581 ·-

56 637 176 702 Christi
198 637 315 697 iratres
330 639 563 696 enumerantur
583 652 602 695 a
622 632 912 715 Matthaeotllcta
933 633 1186 715 Mar-coutnos

55 736 184 818 Iosephi
214 753 256 799 ex
280 735 384 816 prima
408 753 514 797 uxore
543 733 626 796 lilios
659 734 757 797 luisse
790 736 916 814 aliquot
948 737 1055 815 graeei
1079 745 1187 819 patres

52 841 226 921 scripsere,
251 838 339 918 quod
364 844 471 900 tumen
493 835 711 920 Hieronymus
734 856 839 916 neque
863 839 976 901 audire
997 842 1185 905 sustinebat.

54 939 216 1019 Equidem
231 938 398 1000 crederem
412 957 466 999 eos
491 937 574 999 lilios
598 956 666 998 csse
690 934 811 1018 Clopao
831 938 898 1002 sive
919 937 1068 1019 Alphaei,
1091 961 1188 1020 quem

54 1039 192 1102 tratrem
213 1037 368 1118 Iosephus
383 1038 506 1099 hahuit.
529 1036 614 1115 Lege
632 1035 701 1100 Lib.
721 1034 769 1099 Ill
784 1039 823 1100 de
834 1037 1016 1120 Evangeliis
1029 1039 1112 1104 Diss
1130 1042 1186 1107 lx.

53 1159 85 1202 c.
109 1138 168 1202 ΙΙΙ.
191 1159 222 1203 n.
246 1137 283 1218 93
306 1158 334 1201 e.
356 1136 427 1200 XX.
451 1155 482 1198 n.
504 1134 554 1201 13.
579 1135 732 1200 Ceterum
756 1144 869 1202 notum
893 1147 942 1204 est
965 1141 1005 1201 ah
1032 1139 1189 1206 Hebraeis

56 1241 176 1304 iratres
204 1239 266 1303 dici
288 1239 538 1317 consanguineos
559 1257 794 1318 quoscumque.

137 1361 168 1405 v.
191 1335 242 1405 tl.
273 1338 394 1417 Boves,
421 1358 510 1416 ores,
539 1341 710 1403 columbae
737 1343 927 1405 emebantur
954 1344 994 1405 ad
1021 1344 1189 1410 sacrificia.

56 1441 246 1506 Numularii
270 1441 423 1503 sedebant
442 1441 606 1522 intemplo
627 1442 667 1504 ad
681 1443 894 1522 pecuniarum
907 1446 1188 1524 permutationem.

58 1541 173 1607 ludaei
196 1543 366 1622 quotannis
390 1542 557 1605 dimidium
585 1542 654 1604 sicli
678 1545 819 1623 pendere
851 1545 1008 1608 debebant
1034 1547 1067 1607 in
1095 1567 1192 1611 usum

56 1662 232 1709 sacrorum
243 1639 303 1722 (lt),
324 1644 386 1705 hoc
400 1650 449 1705 est
459 1637 649 1744 διδραχμον
661 1640 722 1722 (5),
739 1663 824 1723 quac
839 1652 957 1724 quarta
970 1665 1045 1726 pars
1060 1654 1108 1710 est
1120 1668 1194 1712 sen·

60 1747 120 1809 tati
145 1746 289 1823 romani,
318 1747 459 1826 pendere
487 1754 597 1810 autem
623 1747 769 1810 solebant
794 1748 855 1808 sub
879 1749 1008 1826 pascha.
1033 1746 1193 1823 Quoniam

10 1887 12 1894 ,
61 1866 141 1910 uero
169 1853 274 1909 notato
295 1844 414 1910 Christi
437 1867 565 1910 necesse
586 1848 746 1910 habebant
766 1849 814 1909 uti
834 1849 969 1927 pecnnia
990 1867 1121 1928 quoqne
1142 1850 1195 1912 vel

61 1967 180 2030 graeca
205 1949 258 2011 vel
287 1966 441 2024 romana,
472 1967 572 2029 quam
600 1949 700 2010 saeris
728 1949 912 2029 impendere
943 1947 1030 2008 haud
1053 1948 1192 2024 licebat,

61 2050 180 2131 quippe
208 2048 371 2128 effigiebus
399 2049 586 2129 impressam
611 2049 759 2125 deorum,
788 2048 967 2124 hominnm,
993 2047 1193 2125 animalium,

62 2155 102 2212 ut
120 2149 289 2231 pecuniam
310 2149 470 2211 iudaicam
491 2150 551 2210 hac
572 2155 773 2210 commutare
794 2147 962 2210 eonmrodo
976 2166 1036 2210 suo
1054 2154 1195 2227 possent,

62 2250 232 2331 provisum
253 2255 302 2311 ost
324 2268 384 2329 per
406 2250 481 2310 illos
506 2244 729 2325 numularios,
758 2267 822 2309 non
849 2248 915 2309 sine
942 2248 1053 2331 grandi
1078 2248 1197 2310 horum

61 2351 171 2428 luero,
198 2351 254 2430 qui
275 2351 315 2412 ad
335 2351 367 2411 id
387 2351 539 2414 vicesimo
561 2351 706 2413 dicante
728 2353 846 2431 pascha
870 2349 910 2410 ad
935 2368 1059 2411 mensas
1083 2349 1198 2413 sedere

64 2452 259 2533 incipiebant
278 2452 311 2512 in
331 2452 462 2532 temple.
485 2450 538 2514 Ex
558 2472 624 2532 qno
646 2453 826 2532 colligimus
841 2451 885 2527 id,
901 2451 989 2529 quod
1002 2451 1035 2511 in
1048 2450 1198 2514 hocloco

62 2559 231 2629 narratur,
253 2545 404 2615 accidisse
418 2571 482 2615 non
505 2558 578 2614 anto
598 2553 693 2615 illum
714 2553 810 2632 diem3
833 2552 897 2613 imo
918 2568 981 2613 non
995 2556 1068 2612 ante
1082 2551 1198 2613 initum

64 2673 208 2717 mensem
229 2655 332 2730 nisan,
354 2661 391 2716 ut
412 2661 546 2735 apparot
567 2674 609 2716 ex
628 2674 660 2717 v.
682 2648 732 2718 20.

143 2775 174 2820 v.
200 2753 250 2821 le.
274 2752 434 2831 Christus,
457 2774 558 2834 quum
578 2756 662 2818 insta
683 2755 896 2835 indignatione
916 2756 949 2815 in
972 2755 1045 2816 illos
1076 2772 1201 2816 merca-

65 2863 153 2919 tores
176 2856 458 2935 negotiatoresque
479 2861 643 2934 ageretur,
666 2855 835 2934 obiterque
855 2854 961 2917 Deum
973 2855 1202 2917 nominandum

66 2959 214 3035 haberet,
245 2960 343 3034 hunc,
358 2977 422 3019 non
447 2957 572 3034 Deum,
598 2977 703 3036 neque
723 2962 849 3038 patrem
875 2962 1034 3033 nostrum,
1063 2975 1121 3018 nec
1147 2974 1203 3036 pa-

70 3065 154 3122 trem
175 3060 374 3139 simpliciter,
395 3060 450 3121 sod
465 3067 589 3139 petrem
608 3077 698 3120 suurn
719 3055 905 3139 appellavit.
930 3055 966 3118 Id
987 3077 1005 3119 a
1024 3057 1150 3118 iternine
1170 3057 1203 3117 in

66 3161 174 3224 bibliis
199 3162 321 3222 lactum
346 3180 491 3240 unquam
513 3162 663 3240 lcgirnnS,
685 3180 792 3240 neque
812 3179 868 3222 nos
889 3161 978 3240 quid,
991 3159 1093 3221 similo
1120 3159 1204 3221 sole-

65 3281 151 3326 mus
176 3258 256 3335 Quis
278 3261 374 3336 enim,
397 3279 461 3323 non
482 3280 558 3323 cum
578 3261 647 3341 ipso
667 3258 737 3323 Deo
758 3279 866 3339 agens,
886 3260 941 3322 sed
955 3261 995 3321 de
1015 3257 1084 3320 Deo
1099 3259 1204 3321 obiter

65 3362 217 3441 loquens,
248 3379 323 3423 eum
346 3368 579 3441 pertranseam
602 3360 750 3422 absolute
770 3379 808 3421 ac
825 3359 1014 3438 simpliciter
1035 3355 1183 3420 diceret?

146 3479 179 3524 v.
209 3457 260 3524 ll.
292 3458 361 3524 Nisi
389 3461 489 3525 verba
517 3461 631 3541 psalmi
658 3461 701 3524 de
726 3457 853 3524 Christo
882 3459 965 3522 dicta
993 3456 1208 3537 essenttlite-

140 3650 179 3725 (1)
201 3654 296 3706 Metili.
316 3656 365 3725 lx,
388 3655 414 3708 1.

142 3748 178 3816 (2)
199 3749 292 3801 Matth.
310 3747 385 3819 xhr,
404 3749 448 3802 55.

141 3839 175 3910 (3)
198 3843 281 3894 liare.
304 3843 352 3911 Vl,
371 3842 397 3894 3.

141 3931 177 4002 (l)
198 3933 273 3986 Ceut.
296 3935 343 3987 Ex.
366 3936 447 4004 XXX,
468 3936 510 3987 13.

140 4022 175 4093 (5)
192 4025 268 4078 Ceut.
290 4029 383 4080 blatth.
406 4029 491 4097 xvh,
511 4028 555 4078 23.
