2986 4912
523 334 627 408 cartu
650 360 789 409 oacruvn
813 357 956 406 rsnrtvn
1254 335 1314 402 161

172 451 264 514 lesus
285 448 322 510 in
337 445 430 528 finem
450 465 526 510 suos
548 445 712 521 dilexerit,
728 444 791 506 boc
812 452 872 520 est,
897 442 1076 506 dilectionis
1097 442 1223 522 signum
1243 442 1310 504 suis

170 551 368 627 exhibuerit,
393 555 566 630 propterea
588 545 664 628 quio
684 544 771 606 venit
784 545 862 607 toro
885 541 964 620 cius,
979 551 1016 605 ut
1036 551 1177 605 transeat
1197 561 1235 604 ee
1255 543 1313 604 boc

169 654 288 715 mundo
302 652 345 713 ad
355 659 498 731 patrem5
511 650 628 730 quibus
643 648 676 709 in
686 648 793 710 verbis
807 646 892 709 illud
905 643 992 707 venit
1002 650 1051 707 est
1062 653 1208 727 tempore
1218 663 1312 726 prae-

171 754 269 817 terito
289 771 351 833 pro
374 770 490 832 graeco
505 747 665 829 ε’ληλυθεν.
688 746 802 811 Nonne
827 754 937 811 autem
960 747 1058 809 sentis
1080 753 1118 809 ut
1132 748 1211 810 haec
1233 747 1315 810 desi-

171 868 269 940 gnent
288 866 472 940 postremas
494 859 591 922 horas
611 860 697 921 vitae
712 856 844 936 Christi,
860 867 964 938 utque
979 842 1124 921 caussam
1143 856 1316 920 rationem·

173 979 239 1041 que
260 967 436 1040 suggerant
457 961 564 1023 multo
593 961 862 1041 opportuniorem
886 961 968 1037 eius,
988 960 1076 1041 quod
1096 961 1128 1022 in
1149 967 1312 1042 postrema

174 1063 236 1125 hac
266 1081 366 1125 coena
390 1062 539 1127 Christus
562 1063 670 1144 gessit,
688 1081 725 1125 ac
739 1063 805 1125 suis
827 1063 932 1125 veluti
953 1067 1143 1125 testamento
1167 1062 1309 1143 legavit,

171 1180 270 1243 quam
292 1182 354 1225 cur
372 1163 469 1244 pedes
494 1163 729 1245 discipulorum
750 1159 914 1226 abluerit?

255 1261 350 1338 Quod
372 1264 399 1326 si
420 1282 560 1343 quaeras
581 1282 642 1326 cur
662 1281 729 1325 non
749 1263 893 1345 apertius
914 1259 1049 1325 loannes
1059 1263 1102 1326 de
1117 1264 1312 1328 eucharistia

174 1365 322 1429 instituta
343 1367 502 1445 loquutus
524 1365 576 1442 sit,
593 1383 742 1429 caussam
762 1365 849 1444 leges
871 1365 903 1425 in
924 1363 994 1427 Lib.
1018 1363 1032 1425 l
1068 1366 1107 1426 de
1128 1364 1312 1446 Evangeliis

174 1483 246 1547 cap.
264 1463 320 1527 lv.
336 1485 368 1527 n.
383 1464 436 1546 273
459 1465 614 1527 nimirum
636 1465 725 1527 illam
747 1466 848 1545 ipsam
876 1482 937 1528 cur
962 1483 1027 1527 non
1048 1467 1117 1528 lere
1132 1466 1310 1547 quidquam

173 1566 359 1629 narraverit
389 1584 503 1628 eorum
536 1583 620 1646 quae
652 1582 670 1627 a
702 1564 819 1628 ceteris
849 1566 1053 1646 evangelistis
1084 1575 1216 1632 narrata
1246 1568 1310 1632 iam

173 1667 314 1730 fuerant.

258 1787 310 1832 vv.
335 1768 367 1833 2.
388 1767 419 1833 3.
443 1767 485 1831 Et
506 1787 602 1831 coena
621 1771 718 1850 foeta.
742 1766 827 1848 Lege
841 1769 911 1832 Lib.
929 1767 997 1834 Ide
1010 1769 1195 1854 Evangeliis
1209 1791 1237 1835 c.
1253 1772 1308 1838 tv,

175 1888 208 1932 n.
230 1867 281 1933 27.
306 1870 395 1934 Haec
417 1871 517 1932 verba
538 1870 592 1934 vel
611 1888 671 1951 per
690 1888 725 1932 se
745 1869 813 1951 ipsa
834 1870 1004 1934 manifesto
1024 1873 1169 1936 refutant
1184 1876 1312 1955 eosqui

175 1972 374 2036 contendunt
396 1991 413 2034 a
436 1970 564 2036 Christo
586 1972 822 2053 discipulorum
841 1972 939 2052 pedes
958 1972 1043 2034 lotos
1063 1992 1132 2037 esse
1146 1979 1220 2038 ante
1235 1994 1310 2039 con-

176 2072 294 2135 lectam
314 2072 555 2147 eucharistiam,
577 2073 769 2152 praesertim
790 2074 816 2135 si
837 2073 918 2135 illud
940 2078 1080 2149 maneat,
1103 2073 1191 2154 quod
1211 2094 1310 2157 supra

175 2173 489 2249 demonstravimus,
524 2170 676 2236 loannem
697 2173 728 2235 in
758 2173 869 2254 priore
900 2174 1063 2237 versiculo
1095 2178 1310 2242 eucharistiae

175 2274 407 2336 institutionem
429 2274 666 2354 perstrinxisse.
688 2272 773 2354 Lege
797 2272 867 2336 Lib.
891 2271 923 2334 ll
938 2273 977 2337 de
992 2273 1175 2356 Evangeliis
1190 2275 1308 2342 Annot.

175 2371 261 2437 CLX
281 2379 313 2436 et
333 2370 551 2452 Augustinum
577 2374 616 2436 de
637 2371 802 2436 Couseusu
816 2375 1086 2454 evangelistarum
1101 2374 1138 2438 L.
1155 2374 1214 2441 lll.
1231 2379 1260 2458 §§
1277 2377 1308 2442 2.

174 2471 206 2539 3.
231 2473 326 2537 Haud
347 2475 457 2537 multis
479 2481 554 2538 ante
568 2476 728 2539 aetatibus
741 2475 938 2539 exstiterunt
951 2476 1023 2557 qui,
1039 2478 1263 2541 narrationum
1278 2475 1311 2542 in

175 2562 356 2655 hoc'inque
377 2576 492 2638 ceteris
513 2576 687 2657 evangeliis
718 2577 955 2658 descriptarum
985 2579 1102 2642 seriem
1133 2585 1166 2642 et
1195 2599 1312 2643 conne-

176 2676 308 2739 xionem
328 2677 461 2757 insuper
481 2677 634 2741 habentes
655 2685 713 2742 aut
733 2684 822 2743 certe
846 2679 951 2742 minus
975 2685 1184 2759 reputantes,
1215 2682 1312 2763 primi

175 2779 321 2841 omnium
342 2777 540 2842 affirmarent
559 2779 715 2843 lotionem
735 2780 826 2842 illam
846 2780 966 2860 pedum
995 2781 1179 2862 symbolum
1207 2782 1310 2861 quod·

176 2880 250 2942 darn
272 2885 370 2959 atque
390 2880 562 2960 imaginem
583 2900 652 2944 esse
679 2881 871 2961 integritatis
892 2887 925 2944 et
944 2881 1094 2962 puritatis
1121 2882 1218 2944 animi
1244 2901 1310 2964 qua

176 2980 218 3042 ad
239 2979 470 3043 eucharistiam
491 2981 645 3043 accedere
667 2986 828 3062 opportet.
852 2979 889 3043 Id
914 3000 994 3043 vero
1024 3000 1089 3043 non
1119 2983 1185 3045 alio
1214 2991 1311 3065 pacto

177 3081 309 3146 vincere
339 3088 490 3163 poterant
518 3082 579 3144 nisi
608 3083 636 3145 si
665 3082 814 3147 Christus
846 3083 1080 3164 discipulorum
1110 3084 1207 3164 pedes
1237 3092 1310 3149 ante

177 3183 321 3247 abluerit
340 3201 437 3263 quam
459 3184 689 3246 eucharistiam
712 3185 895 3249 conficeret.
918 3184 962 3248 Vt
982 3202 1060 3265 ergo
1090 3184 1174 3248 illud
1203 3186 1312 3251 vince-

176 3289 272 3361 rent,
304 3284 367 3347 hoc
386 3283 431 3345 ita
453 3284 575 3346 tactum
596 3303 665 3347 esse
686 3285 942 3360 contenderunt,
963 3270 1028 3366 ¹pio
1052 3287 1195 3366 quodam
1215 3289 1311 3349 animi

175 3403 273 3449 sensu
294 3384 403 3462 ducti,
437 3384 464 3446 si
486 3384 581 3447 modo
601 3384 674 3464 pius
694 3387 721 3448 is
741 3404 853 3449 sensus
873 3385 986 3449 haberi
1010 3391 1131 3466 queat,
1163 3405 1230 3466 quo
1254 3388 1311 3468 qui

176 3487 367 3562 ducuntur,
399 3486 640 3566 scripturarum
659 3504 789 3549 sensum
808 3493 999 3568 pervertere
1019 3504 1148 3550 necesse
1168 3488 1308 3566 habent,

174 3593 276 3668 atque
296 3587 381 3668 ipsos
394 3587 568 3667 scriptores
583 3603 692 3649 sacros
706 3587 788 3652 alios
802 3588 872 3651 aliis
886 3589 1097 3669 pugnantium
1115 3606 1207 3651 more
1222 3607 1311 3652 com-

174 3690 315 3752 mittere.
338 3687 413 3764 Quo
433 3689 490 3750 illa
514 3689 595 3752 lotio
626 3689 841 3769 pertinuerit,
875 3709 941 3770 quo
973 3687 1121 3752 Christus
1150 3690 1183 3750 id
1213 3708 1311 3770 agens

175 3791 342 3872 spectarit,
354 3791 421 3871 ipse
434 3789 526 3853 nobis
540 3790 670 3870 aperuit
682 3792 715 3851 in
729 3810 782 3855 vv.
794 3786 914 3869 lidi,
927 3792 1005 3867 alio,
1018 3784 1162 3869 inquam,
1174 3809 1310 3872 prorsus

176 3910 216 3955 ac
237 3891 277 3954 ad
298 3891 396 3953 animi
416 3891 690 3972 comparationem
711 3910 776 3971 qua
791 3892 854 3955 sint
873 3897 1003 3973 oportet
1023 3891 1080 3970 qui
1100 3891 1141 3953 ad
1162 3892 1311 3954 euchari-

176 3993 271 4055 stiam
282 3992 449 4055 accedunt.
467 3991 570 4056 Nullo
585 3998 694 4056 autem
708 3999 802 4075 pacto
817 3992 999 4069 terendum,
1012 3992 1100 4072 quod
1115 3992 1163 4053 illi
1177 3992 1308 4070 audent,

177 4099 229 4171 ut,
252 4111 354 4173 quum
375 4093 481 4157 minus
501 4098 704 4174 opportunae
719 4094 845 4175 pietatis
858 4092 1003 4157 sensibus
1021 4092 1156 4172 obsequi
1168 4092 1310 4170 student,

1104 4291 1142 4356 tl
