2986 4912
604 314 705 364 cleve
730 316 913 366 vnnncrnvn
1262 296 1322 369 tor

178 409 293 465 utrum
314 400 353 464 de
373 398 430 463 illa
453 419 536 481 quae
557 403 654 464 unius
675 404 799 466 animae
822 404 954 484 propria
976 409 1039 481 ost,
1063 421 1213 485 quaeque
1233 404 1317 467 cari·

174 509 241 566 tate
263 503 459 580 continetur,
485 521 525 563 an
547 522 632 583 quae
652 504 778 565 animae
799 523 874 567 cum
895 522 1033 585 corpore
1055 505 1232 567 communis
1253 511 1313 580 est,

174 603 268 682 sique
289 603 329 665 de
350 603 411 666 hac
432 605 554 680 altera,
578 610 692 666 utrum
719 622 817 684 quarn
837 623 923 667 nunc
945 606 1096 683 vivimus,
1112 624 1154 668 an
1174 625 1238 685 qua
1259 623 1318 668 nos

178 709 349 766 aeternum
371 703 531 765 fruituros
553 722 732 784 speramus.
749 702 797 765 De
812 705 873 766 bac
893 710 1056 785 postrema
1070 703 1218 769 Christus
1231 705 1324 786 loqui

175 823 242 866 non
263 805 405 884 videtur3
422 812 510 868 certe
531 806 616 867 enim
630 804 669 866 de
691 823 728 866 ea
742 805 891 884 loquitur
915 824 1012 885 quam
1034 806 1106 885 quis
1128 825 1214 869 nunc
1235 807 1317 870 vivit

178 923 278 984 quam
299 904 459 981 amittere,
477 904 517 966 ad
540 923 640 984 quam
663 904 811 967 revocari
832 912 948 985 potest.
968 903 1150 980 Quominus
1168 906 1207 967 dc
1224 913 1319 969 natu-

179 1006 243 1068 rali
263 1006 329 1070 vita
349 1007 442 1084 loqui
465 1006 631 1082 credatur,
655 1006 761 1069 obstat
781 1006 863 1068 illud
884 1004 921 1067 io
942 1014 1112 1069 oeternum.
1136 1004 1191 1069 Sin
1205 1007 1244 1070 de
1261 1007 1318 1069 ssla

179 1125 265 1187 quae
285 1105 528 1170 unius'animae
548 1113 598 1169 est
617 1108 772 1188 propria,
797 1124 956 1186 quorsum
978 1108 1076 1170 buius
1097 1107 1239 1185 mentio,
1260 1109 1317 1170 ubi

180 1209 341 1288 agebatur
361 1209 401 1271 de
423 1209 551 1272 bomine
572 1226 591 1271 a
611 1208 752 1271 mortuis
766 1208 949 1284 excitando,
965 1227 1003 1270 ac
1017 1205 1169 1271 Marthae
1187 1227 1320 1290 respon·

181 1310 322 1373 dendum
343 1317 415 1373 crat
433 1311 581 1391 loquenti
601 1310 640 1373 de
660 1307 885 1371 resurreetione
901 1325 985 1388 quae
1007 1309 1070 1371 erit
1090 1307 1126 1370 io
1146 1308 1319 1373 novissimo

182 1410 232 1472 die
245 1406 264 1472 P
279 1410 439 1492 Equidem
460 1413 546 1474 hunc
567 1411 688 1474 nodum
708 1410 774 1487 ita,
808 1417 846 1473 ut
867 1411 992 1486 dicam,
1025 1412 1218 1475 solvendum
1249 1431 1319 1474 esso

183 1519 344 1593 putarem.

265 1611 332 1694 Epo
352 1632 421 1674 sum
440 1612 627 1676 resurrectio
651 1622 680 1675 et
708 1611 786 1676 nita.
820 1610 967 1676 Christus
1000 1612 1174 1688 videlicet,
1207 1619 1321 1694 utpote

184 1712 295 1792 Deus,
328 1733 387 1796 per
417 1733 510 1777 suam
531 1715 633 1795 ipsam
655 1714 824 1778 essentiam
846 1714 947 1776 estid
968 1733 1010 1776 ex
1032 1733 1098 1793 quo
1123 1715 1190 1778 vita
1210 1722 1320 1778 nostra

183 1822 254 1879 tum
275 1817 381 1897 primo
402 1815 501 1879 datur
521 1823 591 1879 tum
624 1815 794 1892 redditur,
828 1821 898 1877 tum
930 1833 1030 1894 quam
1061 1815 1166 1876 anima
1196 1834 1256 1897 per
1285 1835 1321 1879 se

183 1918 308 1998 ipsam,
330 1923 401 1980 tum
422 1936 521 1997 qnam
542 1935 606 1980 una
629 1935 704 1979 cum
726 1934 864 1998 corpore
886 1916 978 1978 vivit.
1003 1913 1087 1996 Lege
1109 1913 1156 1978 Io.
1180 1913 1208 1993 l,
1234 1913 1266 1994 l,
1289 1925 1322 1980 ot

184 2019 322 2099 quaein
343 2037 382 2081 eo
402 2019 476 2082 loco
498 2019 746 2100 disputavimus.
763 2017 851 2081 Haec
867 2015 987 2081 Christi
1008 2017 1109 2080 verba
1130 2018 1206 2080 satis
1228 2025 1321 2081 erant

184 2138 202 2181 e
223 2119 342 2199 quibus
363 2118 496 2183 Martha
517 2119 670 2183 fiduciam
693 2120 878 2198 conciperet
891 2118 962 2180 lore
976 2118 1118 2180 utlratri
1133 2126 1322 2200 exspectan-

185 2220 247 2282 dus
267 2239 331 2283 non
351 2228 435 2284 esset
454 2218 644 2282 novissimus
665 2219 730 2282 dies
751 2226 789 2283 ut
802 2239 820 2282 e
834 2219 972 2282 mortuis
986 2219 1213 2283 suscitaretur.
1230 2218 1323 2284 Chri·

184 2321 226 2384 sti
246 2321 347 2401 igitur
370 2319 536 2403 responsio
560 2339 626 2384 non
649 2327 743 2383 extra
764 2320 968 2402 propositum
992 2321 1173 2400 vagabatur
1193 2327 1251 2383 aut
1271 2339 1323 2383 er·

187 2425 293 2503 rabat,
308 2425 364 2488 sed
378 2424 530 2489 universe
544 2423 673 2505 prolata
684 2422 768 2486 illud
783 2440 914 2503 quoque
929 2421 1217 2502 complectebatur.
1240 2420 1324 2486 Con-

187 2524 238 2588 ler
257 2544 289 2590 v.
309 2519 360 2592 ld.
382 2523 431 2588 Ea
452 2531 560 2589 tamen
580 2525 666 2590 viam
686 2523 827 2607 aperuit,
851 2543 916 2604 qua
937 2541 1044 2587 sermo
1059 2541 1078 2585 a
1092 2523 1159 2586 vita
1179 2523 1322 2586 naturali

187 2625 228 2687 ad
251 2625 342 2689 illam
362 2626 500 2689 alteram
521 2626 647 2689 animae
667 2627 834 2706 propriam
849 2625 1027 2703 deveniret3
1043 2624 1083 2686 ad
1097 2623 1190 2686 illam
1204 2623 1324 2705 quippe

185 2744 224 2790 ea
252 2733 398 2807 spectant
424 2745 510 2806 quae
533 2734 729 2806 sequuntur,
755 2727 841 2789 sicut
867 2731 1003 2806 apparet
1030 2743 1072 2787 ex
1095 2724 1133 2786 iis
1158 2743 1242 2804 quae
1269 2743 1325 2787 an-

185 2827 383 2905 notavimus,
398 2845 541 2908 moxque
556 2827 800 2908 explicabimus.
809 2824 907 2888 —Ne
921 2842 1001 2888 vero
1015 2824 1216 2906 perpendere
1230 2823 1323 2886 omit·

186 2934 235 2991 tas
256 2929 322 2992 vim
342 2929 434 2992 verbi
455 2947 524 2991 sum
544 2948 563 2992 a
585 2925 714 2992 Christo
735 2927 898 3008 usurpati,
921 2945 1005 3006 quae
1025 2932 1146 3005 quanta
1172 2925 1230 3001 sit,
1256 2925 1324 3005 ple·

184 3029 258 3092 nius
279 3029 438 3110 intelliges
459 3049 501 3093 ex
522 3030 727 3094 enarratione
748 3029 926 3094 verborum
949 3025 997 3090 lo.
1021 3024 1062 3104 V,
1076 3023 1127 3090 25.
1149 3023 1202 3102 26,
1225 3043 1322 3105 quam

184 3148 287 3211 supra
308 3131 491 3193 habuimus.

266 3230 381 3311 ltaque
402 3233 471 3309 illa,
490 3229 555 3307 Qui
568 3230 666 3294 credit
684 3231 721 3293 io
735 3251 794 3305 me,
810 3228 933 3295 etiamsi
946 3239 1086 3292 mortuus
1099 3226 1210 3310 fuerit,
1225 3225 1321 3299 vivet,

185 3332 365 3414 significant
386 3335 456 3398 lore
481 3340 529 3411 ut,
557 3335 613 3414 qui
637 3335 775 3397 credunt
802 3335 833 3395 in
859 3331 1046 3407 Christum,
1076 3332 1102 3393 si
1128 3330 1213 3392 lorte
1241 3327 1325 3390 acci-

187 3434 244 3496 dat
270 3441 308 3497 ut
332 3437 456 3498 animae
482 3436 582 3499 vitam
613 3435 776 3515 peccando
801 3436 973 3510 amittant,
1001 3435 1084 3495 hanc
1109 3438 1214 3494 tamen
1243 3428 1325 3491 roci-

186 3553 306 3616 perare
326 3536 460 3616 possint3
489 3535 577 3615 quod
602 3537 668 3598 sine
696 3535 758 3598 lide
786 3535 857 3597 lieri
880 3553 943 3596 non
973 3539 1101 3615 posset,
1132 3531 1209 3592 fides
1234 3547 1324 3590 nam-

186 3654 254 3715 que
281 3642 331 3698 est
350 3635 582 3698 iustificationis
609 3635 701 3714 quasi
725 3634 984 3709 fundamentum,
1011 3630 1098 3711 quod
1119 3628 1242 3692 Paulus
1266 3647 1324 3709 ap-

186 3737 292 3819 prime
305 3737 489 3800 inculcabat
499 3733 553 3817 (1),
562 3734 629 3797 sina
639 3736 698 3814 fide
708 3732 1005 3814 autemimpossibile
1013 3729 1256 3812 eatplacerelleo
1266 3728 1320 3809 (2).

186 3837 293 3902 Porro
314 3826 403 3903 rides
423 3848 461 3901 ut
481 3838 559 3900 fides
580 3839 648 3901 sine
669 3838 803 3901 caritate
824 3856 894 3900 esse
915 3842 1023 3917 queat.

258 3981 296 4052 (ι)
314 3981 391 4035 nom.
410 3983 459 4033 nr.
479 3981 524 4050 aa,
544 3983 572 4052 v,
593 3981 618 4050 ι,
638 3983 696 4034 on.
714 3983 750 4050 n,
769 3981 815 4050 ro,
832 3982 883 4051 111,
902 3980 928 4031 s.
947 3980 993 4044 aa
1013 3981 1047 4050 v,
1065 3979 1092 4047 ⁵3
1106 3979 1218 4044 Philipp.
1232 3975 1284 4042 nr,
1295 3973 1323 4045 a,
1340 3956 1344 3967 '

185 4074 268 4128 liobe.
286 4075 334 4144 ΧΙ,
352 4073 377 4127 7.
395 4073 491 4128 Confer
509 4075 586 4128 Rom·
604 4076 654 4144 ΙΙΙ,
673 4072 716 4142 30,
736 4075 783 4145 lv,
801 4073 835 4128 5:
844 4072 870 4142 9,
883 4073 932 4144 ΙΙΙ,
945 4072 989 4141 ³⁰3
1002 4073 1035 4143 X,
1048 4072 1074 4140 6,
1086 4072 1144 4124 Cal.
1157 4070 1206 4140 ΙΙΙ,
1220 4067 1262 4120 ΙΙ.
1275 4066 1321 4132 ΙΙΙ,

187 4169 243 4225 Col.
262 4169 298 4238 ΙΙ,
316 4167 360 4235 12,
377 4168 458 4220 Hebr.
476 4168 510 4237 X,
525 4166 569 4220 38.

259 4260 298 4331 (2)
314 4262 397 4318 liebr.
414 4259 462 4329 xl,
479 4259 504 4311 o.
