2978 4920
451 315 554 380 earvr
576 316 747 390 ovaurvn'
826 356 853 361 ·-
1154 311 1194 383 li

159 421 211 513 52
239 408 492 523 Interrogabat
511 447 598 522 ergo
620 423 748 497 horam
772 421 818 498 ab
845 423 913 510 eis,
942 424 979 496 in
1007 446 1077 521 qua
1100 445 1186 523 me-

50 555 122 630 lius
148 553 331 629 habuerit.
360 552 409 626 m
436 553 607 627 dixerunt
636 553 682 628 ei:
712 549 803 642 Quia
823 551 1007 625 heribora
1029 553 1186 650 septima

52 682 202 780 reliquit
229 705 314 757 eum
342 680 468 755 febris.

162 803 214 884 53
242 809 421 908 Cognovit
448 832 535 905 ergo
563 821 682 906 pater,
710 807 794 907 qnia
823 806 885 882 illa
913 808 1002 883 hora
1029 822 1123 895 erat,
1152 810 1189 882 in

51 962 126 1037 qua
153 938 246 1013 dixit
273 938 306 1012 ei
335 937 449 1011 Iesus:
479 932 592 1010 Filius
620 949 706 1011 tuus
733 935 843 1010 vivit:
864 948 902 1011 et
922 936 1074 1011 eredidit
1086 937 1189 1036 ipse,

56 1080 96 1141 et
123 1066 253 1141 domus
281 1065 359 1140 eius
387 1079 479 1140 tota.

165 1186 218 1268 51
245 1191 321 1268 Ηοο
349 1194 484 1267 iterum
499 1191 698 1265 seeundum
714 1191 856 1288 signum
874 1191 1090 1280 lapillosus,
1107 1216 1190 1269 eum

58 1312 221 1396 venisset
241 1345 269 1395 a
297 1320 429 1396 Iudaea
459 1319 495 1393 in
523 1317 735 1394 Galilaeam.

504 1775 756 1829 COMMNNIthVbI

60 2051 118 2095 vv.
134 2028 211 2096 1-3.
234 1971 322 2094 Hie
342 2027 465 2094 Christi
482 2029 605 2092 reditus
626 2031 658 2091 in
680 2027 859 2094 Galilaeam
879 2028 963 2093 idem
984 2029 1040 2093 ille
1060 2031 1127 2112 ipse
1148 2036 1197 2094 est

61 2134 103 2196 de
125 2151 191 2213 quo
212 2131 397 2196 Matthaeus
418 2128 476 2209 lv,
491 2127 550 2208 12,
572 2129 706 2195 Marcus
727 2128 754 2208 1,
770 2127 824 2208 Ill,
841 2136 874 2193 et
894 2128 998 2194 Lucas
1019 2128 1076 2209 lv,
1090 2127 1131 2198 11
1149 2132 1199 2195 Ιο-

63 2239 225 2312 quuntur.
249 2231 389 2313 Tempus
410 2232 484 2293 anni
504 2235 593 2307 erat,
625 2231 714 2311 quod
735 2231 918 2311 colligimus
938 2232 992 2296 vel
1016 2252 1058 2296 ex
1078 2249 1144 2296 uno
1164 2230 1197 2298 v.

62 2329 104 2397 35
126 2333 223 2396 huius
246 2332 376 2413 eapitis,
398 2332 483 2394 intra
504 2350 646 2394 mensem
666 2332 876 2396 novembrem
900 2331 954 2395 vel
974 2332 1197 2409 decembrem,

64 2434 168 2510 illius,
191 2434 334 2512 inquam,
353 2432 431 2494 anni
451 2451 517 2512 quo
542 2433 647 2514 primo
669 2439 742 2513 post
761 2433 957 2515 baptismum
977 2432 1125 2498 Christus
1145 2453 1201 2516 pa·

63 2535 142 2596 seha
163 2532 408 2618 Hierosolymao
430 2534 665 2612 celebraverat,
689 2536 751 2598 hoe
772 2541 821 2598 est
845 2536 918 2597 anni
939 2554 1005 2598 aer.
1028 2537 1119 2617 vulg.
1140 2534 1199 2615 26,

64 2634 244 2713 paulloquo
264 2640 337 2716 post
358 2653 456 2714 quam
485 2633 620 2697 Ioannes
647 2633 792 2715 Buptista
820 2635 852 2696 in
879 2636 1010 2699 vincula
1037 2636 1201 2700 coniectus

66 2736 186 2799 luerat.
202 2734 287 2816 Lege
301 2736 341 2797 de
362 2735 547 2815 Evangeliis
568 2734 636 2798 Lib.
654 2735 712 2798 III.
728 2735 811 2800 Diss.
826 2734 975 2800 XXXIX.
991 2756 1026 2799 n.
1047 2733 1087 2800 17
1094 2756 1106 2816 3
1117 2735 1201 2800 Diss.

67 2835 186 2900 XLIII.
209 2856 261 2899 nn.
284 2834 496 2916 8-113D1ss.
518 2835 628 2900 XLIV.
651 2857 683 2900 n.
706 2836 736 2902 8.

146 2958 200 3003 vv.
221 2935 252 3005 lt.
273 2936 303 3002 5.
326 2936 463 3002 Nomine
484 2936 659 3012 Samariae,
681 2958 745 3002 non
766 2941 894 3018 urbem,
910 2938 965 3004 sed
986 2939 1149 3019 regionem
1169 2938 1202 2999 in

66 3043 130 3103 hoe
149 3041 224 3103 loeo
246 3039 405 3119 designari
429 3038 712 3119 liquet-Siehar
740 3040 853 3103 eadem
879 3060 918 3105 ae
948 3038 1069 3103 Siehem
1079 3083 1091 3114 ,
1123 3039 1202 3102 olim

68 3140 246 3223 praecipua
267 3141 345 3203 urbs
366 3141 457 3220 regni
478 3138 713 3218 Israelitarum,
737 3141 851 3205 deindo
865 3139 1013 3222 Neapolis
1033 3147 1066 3205 et
1085 3138 1204 3203 Flavia

66 3240 230 3321 Neapolis,
252 3260 338 3304 nune
359 3239 499 3305 Nablasa
521 3241 749 3307 venata-De
765 3240 910 3322 praedio,
932 3244 1025 3306 euius
1047 3243 1100 3305 hie
1118 3261 1207 3305 men-

67 3345 112 3406 tio
135 3350 195 3421 est,
217 3343 341 3422 aliquid
361 3343 463 3406 disces
484 3363 527 3406 ex
548 3343 610 3406 Ios.
632 3342 751 3423 XXIV,
774 3341 1029 3408 32.-Christus
1042 3345 1076 3406 in
1089 3345 1205 3407 urbem

68 3447 248 3526 ingressum
269 3463 332 3507 non
353 3438 422 3507 esse
444 3445 583 3507 efficitur
603 3465 645 3508 ex
666 3464 698 3509 v.
722 3444 752 3510 8.

146 3565 179 3611 v.
201 3543 231 3610 6.
246 3544 332 3607 Fons
346 3546 496 3624 idemque
504 3554 618 3625 pateus
633 3546 740 3611 Iaeohi
756 3545 797 3629 (1)
813 3547 909 3611 hodie
927 3565 1059 3627 quoque
1073 3544 1201 3622 visitur,

69 3649 154 3711 sieut
174 3647 342 3711 visebatur
362 3653 466 3709 aetate
493 3646 683 3733 Hieronymi
695 3648 736 3730 (2)
749 3656 847 3729 atque
874 3648 955 3712 adeo
981 3648 1112 3710 ineunte
1138 3665 1208 3709 sae-

67 3749 145 3811 culo
167 3745 212 3811 IV
225 3745 422 3827 (Iit—Iesus
441 3744 595 3828 fatigatas
616 3767 654 3809 ea
673 3748 806 3826 itinere,
832 3755 945 3831 utpote
966 3767 1065 3814 verus
1085 3748 1203 3825 horno,

67 3848 207 3913 Docetas
229 3855 262 3912 et
282 3847 520 3911 Phantasiastas
535 3847 669 3913 refutat.

132 4017 171 4086 (1)
191 4017 266 4072 Conl.
287 4033 330 4072 vv.
355 4016 399 4068 ll.
425 4016 468 4068 12.

137 4112 177 4178 (2)
198 4112 361 4178 Epitaphium
373 4111 487 4164 Puellae.

136 4203 174 4274 (3)
197 4205 361 4259 itinerarium
383 4204 650 4269 hierosolymarum.
