2986 4912
595 304 698 354 curva
719 304 871 354 ocrsvvn
1254 289 1314 371 105

171 407 249 452 men
267 394 302 453 et
320 394 525 470 praesentem
549 388 678 452 videbat
698 395 732 452 et
752 390 941 469 loquentem
960 391 1135 468 audiebat,
1157 411 1256 472 quam
1276 401 1316 458 ut

148 490 202 562 ¹ci
222 490 303 554 haec
323 508 376 553 res
401 490 434 552 in
459 490 592 553 crimine
613 496 792 570 poneretur
812 509 992 571 numquam
1013 493 1235 558 condonando.
1251 492 1317 558 Ne·

170 608 225 653 mo
248 590 359 671 itaque
378 609 443 653 non
463 591 560 654 sentit
580 611 639 670 την
654 587 794 683 ἔμφασιν
817 611 916 671 quam
937 593 1018 656 haec
1045 595 1146 656 verba
1175 594 1294 658 habeut
1305 616 1317 675 3

171 722 276 784 porro
298 709 420 780 autem,
444 722 608 784 quaenam
630 721 748 766 eorum
769 702 959 782 significatio
979 703 1042 781 sit,
1066 705 1204 783 quisque
1226 706 1322 770 facile

171 809 368 884 assequetur
389 805 447 884 qui
468 823 507 868 ea
528 805 705 868 contulerit
725 822 800 866 cunr
821 803 884 880 his,
912 804 1050 884 quaein
1071 803 1189 868 Exodo
1209 807 1324 886 legun-

170 909 240 969 tur:
264 902 321 969 Ait
339 903 463 984 Moyses
485 906 528 967 ad
547 903 662 967 Deum:
681 903 765 965 Ecce
786 922 840 984 eqo
860 904 975 966 eadam
996 906 1039 966 od
1057 903 1141 984 filios
1160 904 1275 980 Israel,
1295 917 1324 970 ct

171 1003 279 1067 dicam
299 1003 356 1067 eis:
376 1004 461 1069 Deus
480 1015 609 1086 patrum
629 1014 804 1068 aestrorum
826 1003 915 1068 misit
941 1023 987 1067 mc
1008 1007 1051 1068 cd
1071 1025 1137 1069 cos.
1170 1004 1208 1071 Si
1236 1006 1324 1070 dicc-

171 1106 243 1169 riot
262 1106 353 1170 miti:
378 1106 470 1183 Quod
490 1118 535 1171 cst
556 1126 670 1170 nomen
693 1101 789 1169 cias?
809 1105 887 1188 quid
906 1105 1011 1168 dicum
1031 1101 1104 1169 eis?
1121 1105 1219 1176 Discit
1237 1106 1322 1171 Deos

173 1208 219 1273 ad
237 1204 382 1288 Moysen:
402 1208 473 1275 Eoo
495 1226 556 1274 svn
579 1225 634 1283 cvr
656 1225 729 1274 svnt.
754 1206 823 1272 Ait.-
844 1204 898 1272 stc
920 1208 1003 1272 dices
1023 1206 1101 1287 filiis
1119 1206 1234 1271 Israel:
1256 1207 1319 1286 Qu

174 1324 250 1388 uss,
271 1307 360 1372 misit
378 1328 425 1372 mc
446 1311 489 1372 od
508 1329 563 1372 eos
579 1307 633 1391 (i).

255 1430 288 1476 r.
308 1408 359 1475 95.
382 1410 539 1491 Ea,quae
559 1416 725 1492 postremo
743 1411 819 1476 loco
841 1408 989 1474 Christus
1009 1410 1150 1487 dixerat,
1173 1412 1316 1475 occasio·

172 1531 250 1576 nem
270 1510 398 1576 Iudaeis
418 1513 643 1592 praebuerunt
660 1513 707 1575 ita
727 1529 804 1575 eum
827 1511 1063 1592 interrogandi:
1093 1508 1141 1574 Tu
1160 1509 1232 1592 quis
1252 1508 1315 1574 es?

175 1611 298 1678 Christi
317 1613 484 1695 responsio
506 1631 621 1693 graece
645 1614 691 1676 sic
711 1620 781 1676 est:
805 1615 877 1692 Την
900 1609 1012 1708 ἀρχην
1036 1607 1065 1695 ὃ,
1088 1634 1122 1682 τι
1145 1633 1202 1682 και
1226 1610 1312 1683 tato

178 1713 271 1809 ὕμιν.
294 1716 427 1784 Constat
446 1741 505 1800 την
520 1714 630 1822 appas
653 1718 833 1783 adhibitum
857 1719 911 1782 hic
940 1736 1010 1782 esse
1038 1718 1113 1781 loco
1143 1717 1312 1798 adverbii,

173 1825 231 1888 sed
253 1826 293 1888 de
313 1826 383 1890 eius
404 1827 510 1906 deque
531 1827 630 1889 totius
652 1825 880 1889 enuntiationis
900 1824 1131 1905 significatione
1156 1824 1315 1905 discepta-

175 1929 243 1988 tur.
266 1924 406 2000 Quidam
427 1927 518 1990 aiunt
537 1947 598 2007 την
613 1922 724 2021 cippus
745 1926 830 1988 idem
855 1927 967 1988 valere
987 1944 1026 1989 ac
1041 1923 1228 2005 principio,
1248 1923 1315 1987 ini·

174 2028 235 2103 tio,
255 2031 312 2093 alii
332 2031 418 2094 idem
438 2051 478 2095 ac
497 2032 640 2106 omnino,
657 2052 803 2113 prorsus,
825 2033 881 2095 alii
902 2033 1041 2113 denique
1061 2032 1106 2095 ita
1125 2031 1216 2094 litem
1230 2031 1314 2093 diiu-

173 2129 295 2207 dicant,
316 2137 355 2194 ut
375 2132 455 2195 haec
476 2151 543 2195 vox
563 2138 705 2212 nequeat
724 2132 906 2212 siguificare
926 2129 1069 2204 omnino,
1085 2149 1232 2210 prorem,
1252 2129 1314 2192 nisi

173 2230 208 2292 in
236 2232 510 2312 propositionibus
533 2235 735 2315 negantibus.
765 2232 880 2314 Itaque
905 2228 1026 2297 Christi
1054 2233 1154 2296 verba
1179 2231 1313 2311 quidam

174 2331 222 2394 ita
243 2338 388 2396 vertunt:
414 2318 552 2396 Omnino
572 2354 646 2399 sum
666 2334 715 2412 id,
738 2336 821 2415 qnod
841 2343 870 2398 ct
891 2336 1001 2415 loquor
1020 2333 1121 2407 vobis,
1141 2333 1173 2394 id
1194 2337 1257 2395 est:
1281 2330 1312 2396 Is

174 2452 311 2514 prorsus
332 2455 405 2498 sum
426 2455 524 2516 quem
545 2455 597 2500 rnc
619 2455 688 2499 esse
708 2436 877 2517 profiteor.
900 2435 966 2500 Alii
987 2454 1066 2500 vero
1087 2436 1151 2497 ita:
1175 2433 1203 2498 A
1220 2431 1315 2514 prio·

173 2533 261 2614 cipio
279 2538 363 2616 quod
382 2547 411 2600 et
431 2538 542 2619 loquor
561 2536 661 2610 vobis,
683 2545 722 2601 ut
741 2539 783 2603 sit
803 2538 982 2601 verborum
1001 2536 1209 2616 transpositio
1229 2552 1311 2616 pro:

177 2631 272 2711 Quos
292 2645 320 2700 ct
340 2638 452 2720 loquor
471 2638 558 2701 vobis
579 2661 600 2702 a
617 2638 798 2720 principio,
814 2638 845 2704 ls
864 2659 937 2703 sum
959 2658 1057 2719 quem
1077 2637 1236 2719 principio
1257 2655 1314 2700 vo·

174 2738 224 2802 bis
244 2739 334 2821 dixi3
357 2742 413 2804 sed
433 2741 640 2822 transpositio
662 2743 742 2804 haec
762 2741 839 2805 satis
861 2740 1049 2804 inconcinna
1074 2758 1144 2802 esse
1169 2737 1311 2801 videtur.

174 2836 329 2905 Ceterum
351 2841 499 2906 Christus
520 2844 596 2905 satis
618 2842 713 2905 dese
735 2843 864 2906 dixerat
884 2861 902 2904 e
924 2842 1065 2922 quibus,
1088 2839 1221 2920 quinam
1245 2839 1314 2920 ipse

174 2949 280 3019 esset,
314 2943 453 3024 quisque
478 2934 815 3025 intelligere'posset,
845 2948 1038 3006 nontamen
1067 2943 1212 3022 apertius
1243 2959 1314 3003 rem

174 3045 405 3107 enuntiandam
424 3065 493 3108 esse
514 3047 579 3108 huc
600 3064 705 3125 usque
726 3052 916 3126 putaverat3
932 3063 1035 3125 quare
1056 3062 1142 3106 nunc
1162 3059 1312 3123 quoque,

172 3163 279 3224 quum
299 3146 357 3208 illa
377 3144 576 3210 Iudaeorum
596 3146 850 3226 interrogatione
870 3150 1060 3226 urgeretur,
1076 3145 1120 3207 ita
1135 3143 1312 3224 respondit,

175 3254 215 3308 ut
235 3246 286 3320 iis,
295 3266 380 3327 qnae
400 3248 480 3311 alias
501 3248 541 3310 de
561 3267 595 3312 se
616 3249 765 3324 dixerat,
797 3248 879 3309 nihil
899 3247 1043 3310 adderet.
1067 3244 1188 3309 Conier
1208 3264 1239 3307 v.
1261 3243 1312 3309 26.

175 3345 397 3428 Perspiciebat
416 3348 501 3412 enim
522 3368 588 3430 quo
610 3351 716 3412 animo
737 3347 851 3412 Iudaei
871 3349 911 3411 dc
932 3367 971 3411 ea
991 3367 1028 3410 re
1048 3348 1154 3428 ipsum
1175 3347 1315 3409 interro-

173 3454 309 3528 garent,
324 3455 412 3515 certe
432 3469 497 3512 uon
516 3450 590 3513 ideo
611 3459 648 3512 ut
669 3451 839 3512 crederent
860 3468 944 3529 quae
969 3450 1118 3511 dicturus
1140 3456 1235 3523 essct,
1257 3446 1314 3510 sed

175 3556 215 3612 ut
235 3551 452 3612 calumniandi
472 3552 674 3614 occasionem
695 3551 979 3628 nanciscerentur,
1002 3549 1088 3612 sicut
1107 3548 1222 3628 paullo
1242 3552 1316 3629 post

173 3651 330 3732 apparuit
351 3668 386 3714 ν.
405 3648 456 3716 59.

255 3771 287 3815 v.
309 3748 360 3815 26.
384 3751 450 3815 Vos
473 3753 603 3831 quidem
624 3752 752 3829 velletis
774 3758 813 3816 ut
833 3753 932 3834 plura
954 3752 993 3814 de
1014 3769 1066 3813 me
1088 3749 1242 3826 dicerem;
1265 3752 1315 3810 ast

173 3851 244 3932 ipsc
265 3871 283 3914 e
304 3854 469 3915 contrario
490 3854 591 3916 souitu
613 3854 706 3915 dedeo
728 3855 764 3914 de
784 3852 870 3916 ociis
885 3851 982 3935 toqui.
1000 3851 1055 3929 lis,
1072 3869 1157 3932 quae
1175 3868 1317 3929 sequun-

174 3957 247 4029 tur,
263 3949 410 4017 Christus
432 3952 632 4020 Iudaeorum
653 3953 776 4020 animos
798 3961 872 4019 ante
893 3953 1078 4037 occupavit,
1094 3971 1135 4016 nc
1157 3950 1241 4016 torte
1262 3967 1317 4012 ue·

247 4119 288 4191 (s)
306 4123 354 4175 ux.
373 4125 422 4193 nr,
442 4123 485 4176 ro.
506 4124 549 4177 u.
