2986 4912
184 317 244 383 191
305 352 309 357 ·
540 330 570 377 m
596 328 732 377 tonnano
754 326 1003 375 counanmmvu

185 427 256 483 tum
276 437 295 481 a
319 437 371 481 mc
398 416 570 495 acceperit.
598 413 684 476 Audi
708 410 870 496 Cyrillum
893 413 973 474 haec
991 412 1220 494 explicantemz
1250 413 1321 480 cta

183 519 290 600 rificat
319 517 425 598 itaque
454 514 556 595 filiam
576 513 786 584 Paracletus,
808 511 842 573 ia
862 521 907 574 cet
931 512 1082 594 proprias
1101 513 1169 578 aar
1187 514 1322 596 spiritur

183 618 291 683 amaia
306 627 418 699 potens
437 626 467 679 ct
486 613 594 677 omnia
614 612 725 676 scieas.
750 611 909 688 Quomodo
930 610 1113 695 clarificat?
1128 613 1218 690 Quae
1237 616 1322 681 caim

183 721 273 785 nouit
292 741 330 783 oc
351 728 454 800 potest
479 717 611 798 spiritua
630 716 709 791 ciac,
731 717 789 778 tilii
808 719 952 796 inquam,
975 720 1125 798 quomodo
1143 718 1212 800 ipso
1231 721 1320 784 tilius

182 843 248 886 ooo
267 820 391 885 aoocrit
409 830 466 883 aot
485 820 636 901 qamaodo
655 837 720 880 ooo
736 814 861 897 possit?
885 816 976 893 Qaao
994 818 1036 892 ci,
1057 828 1094 881 ot
1111 819 1178 901 ipsc
1198 820 1261 895 ait,
1283 823 1320 884 dc

181 944 238 988 cuo
256 922 389 1005 spiritua
412 919 550 1001 accipit,
573 929 602 982 et
621 917 650 980 si
668 920 696 982 is
716 917 824 981 amaia
849 917 951 999 possit
970 939 1007 981 ac
1028 919 1145 1000 faciat,
1165 923 1322 1002 quomodo

181 1027 247 1108 ipsc
265 1024 352 1089 filius
373 1021 513 1086 amatam
535 1030 717 1101 potestatem
737 1039 802 1082 aaa
823 1016 964 1083 haheat?
979 1067 987 1082 .
1005 1067 1040 1083 ..
1066 1019 1225 1097 anaiam
1248 1020 1322 1104 Spi-

181 1129 265 1191 ritus
283 1132 412 1189 sanctus
432 1120 712 1186 consubstantialis
732 1131 775 1184 est
793 1121 874 1203 filio,
896 1131 925 1185 et
943 1124 1033 1185 modo
1047 1122 1111 1185 Deo
1131 1125 1322 1204 ooopmcati

176 1248 236 1309 per
263 1226 367 1308 ipsam
388 1223 553 1306 procedit,
584 1243 704 1286 omnem
737 1221 803 1284 cias
825 1222 1085 1304 perfectissimam
1109 1223 1147 1286 ia
1174 1223 1320 1288 omnihus

182 1327 336 1410 operandi
361 1326 426 1389 cim
449 1335 541 1407 atquc
568 1323 777 1406 efficacitatem
801 1325 936 1399 habeas,
957 1323 1078 1388 idcirco
1105 1324 1209 1388 aicit.-
1232 1324 1319 1404 Quia

139 1502 141 1506 Α
181 1433 217 1494 de
238 1449 303 1491 mco
323 1426 529 1508 accipiet...
547 1473 555 1489 .
579 1425 794 1489 Aaaaaciaotc
812 1425 914 1506 ipitar
939 1425 1038 1500 cobis,
1052 1424 1169 1508 saquis,
1197 1428 1234 1489 dc
1255 1446 1320 1490 mco

182 1529 341 1609 occipiens
363 1527 571 1603 Paracletus,
597 1528 653 1588 ooo
680 1539 745 1604 est,
774 1525 858 1588 atto
882 1525 995 1599 aliod,
1021 1545 1115 1608 qaam
1136 1529 1220 1610 qaod
1239 1526 1319 1590 miti

181 1630 283 1693 visam
304 1628 376 1702 crit,
404 1630 559 1709 loquetur,
575 1637 616 1701 et,
630 1646 725 1709 qaam
744 1627 787 1689 sit
806 1647 891 1690 meas
904 1616 1049 1707 spiritus,
1064 1630 1168 1690 eodem
1189 1627 1319 1690 omniuo

180 1750 298 1794 mecam
320 1733 473 1811 loquetur,
485 1738 526 1801 ct,
541 1747 619 1810 qaae
639 1748 722 1790 meac
743 1728 918 1791 volontatis
941 1739 1029 1803 aaut,
1050 1728 1270 1792 aaaaotiahit.
1282 1762 1322 1775 -

182 1831 268 1896 Vsus
288 1838 398 1894 autom
422 1827 570 1894 Christus
597 1839 647 1893 est
666 1838 812 1910 tempore
837 1832 929 1894 verbi
953 1831 1068 1895 tuturo
1089 1829 1238 1911 accipiet,
1254 1849 1320 1894 non

183 1935 276 1998 velut
295 1935 322 1996 si
342 1932 479 2014 Spiritus
500 1939 629 1996 sanctus
654 1932 797 1994 nondum
818 1933 995 2011 quidquam
1020 1933 1061 1994 ab
1084 1932 1153 2013 ipso
1178 1932 1321 2013 accepis·

181 2041 243 2112 set,
265 2034 321 2097 sed
341 2040 493 2113 respectu
512 2033 601 2095 illius
615 2032 769 2111 temporis
793 2051 873 2112 quo,
889 2051 974 2112 quae
988 2032 1207 2114 praedicebat,
1223 2051 1321 2097 ercn-

181 2141 256 2200 tura
280 2141 383 2198 erant.

263 2254 294 2299 v.
315 2233 365 2299 15.
397 2233 457 2297 Hic
481 2254 596 2299 versus
624 2234 914 2298 manifestissimam
934 2254 1083 2300 caussam
1099 2238 1191 2301 nohis
1213 2239 1320 2319 aperit

180 2340 249 2402 cius
273 2338 361 2419 quod
391 2335 538 2400 Christus
565 2337 605 2399 de
631 2338 790 2418 paraclito
818 2338 1003 2415 affirmarit,
1023 2341 1186 2421 simulque
1214 2360 1315 2422 argu·

180 2448 325 2505 mentum
340 2441 471 2502 exhibet
489 2440 783 2504 luculentissimum
798 2441 917 2506 Christi
934 2444 1118 2506 divinitatis.
1136 2444 1259 2524 Agitur
1280 2444 1319 2507 dc

180 2542 306 2605 virtute
333 2547 432 2619 atque
457 2539 597 2602 efficacia
622 2537 760 2620 Spiritus
781 2543 894 2617 sancti,
919 2545 1074 2606 nimirum
1094 2562 1254 2624 personae
1275 2545 1320 2606 di·

180 2642 286 2718 vinae,
302 2641 421 2722 quippe
438 2639 494 2720 qai
513 2660 532 2702 a
558 2649 651 2720 patre
671 2641 826 2722 procedat
847 2638 911 2722 (1),
935 2644 1040 2724 deque
1067 2647 1163 2709 huius
1186 2647 1319 2710 virtutis

180 2748 279 2823 atque
294 2741 453 2805 efficaciae
467 2759 581 2804 caussa
596 2748 629 2804 et
642 2743 778 2823 originc5
794 2745 876 2807 hanc
889 2745 991 2824 igitur
1004 2765 1151 2810 caussam
1165 2749 1317 2828 hancque

180 2844 334 2923 originem
349 2861 413 2905 non
427 2849 520 2905 extra
534 2840 639 2906 Deum
653 2844 791 2924 positam
804 2844 882 2907 licet
895 2849 1102 2912 comminisci.
1118 2846 1208 2912 Illud
1222 2869 1314 2930 crgo,

177 2944 265 3024 qnod
287 2943 434 3007 Christus
455 2960 546 3004 suam
566 2962 635 3006 esse
655 2945 722 3019 ait,
746 2944 838 3007 etde
859 2964 926 3025 quo
947 2944 1086 3026 Spiritus
1111 2954 1242 3012 sanctus
1266 2969 1316 3012 ac-

178 3045 267 3125 cipit,
288 3049 377 3124 patet
397 3062 462 3106 non
482 3063 551 3107 esse
572 3045 632 3106 nisi
652 3046 809 3109 divinum.
833 3045 920 3110 Illud
935 3067 1015 3112 vero
1029 3057 1204 3131 propterca
1218 3070 1315 3114 suum

178 3164 247 3209 esse
269 3143 416 3209 Christus
440 3145 497 3222 ait,
523 3146 611 3224 quia,
636 3147 753 3227 inquit,
776 3147 895 3225 amaia,
921 3167 1129 3232 qaaecumque
1149 3151 1240 3213 habet
1255 3172 1315 3233 pu-

179 3254 239 3319 ter,
263 3265 331 3308 mea
358 3256 451 3318 saat;
472 3265 536 3309 non
556 3266 635 3328 ergo
659 3268 776 3311 nomen
804 3249 912 3312 omnia
932 3270 970 3314 ea
995 3252 1138 3332 designat
1152 3254 1207 3316 vel
1227 3260 1316 3318 certe

178 3366 242 3411 non
263 3366 301 3410 ea
325 3348 432 3410 solum
457 3367 541 3428 quae
566 3355 675 3411 creata
696 3357 772 3413 sunt
792 3357 891 3431 atque
915 3363 1009 3416 extra
1033 3352 1139 3417 Deum
1162 3355 1236 3431 sita,
1259 3355 1314 3419 sed

178 3450 316 3530 quaein
339 3449 408 3530 ipso
432 3449 512 3513 Deo.
535 3449 591 3527 At,
617 3452 644 3513 si
668 3451 788 3526 amaia,
810 3473 895 3534 quae
920 3455 953 3515 in
978 3453 1048 3518 Deo
1072 3463 1169 3533 sunt,
1192 3454 1315 3520 Christi

178 3561 265 3626 sunt,
290 3550 369 3631 quid
398 3552 537 3633 amplius
560 3553 714 3616 volumus
736 3574 801 3635 qno
826 3557 981 3619 certiores
1009 3555 1315 3622 fiamus-Christum

177 3649 284 3714 Deum
305 3649 397 3715 esse?

259 3771 291 3815 v.
315 3749 366 3817 16.
384 3750 510 3828 Quarta
523 3757 680 3818 sermonis
700 3776 775 3838 pars
789 3759 1007 3823 concluditur.
1023 3758 1083 3822 Est
1103 3763 1214 3823 antem
1233 3760 1313 3822 hacc

178 3854 343 3916 conclusio
371 3854 412 3915 ad
442 3857 624 3936 analogiam
653 3860 801 3922 materiei
832 3866 864 3923 et
891 3860 1040 3938 exordii,
1070 3860 1160 3941 quod
1188 3861 1314 3942 legitur

177 3954 210 4015 in
230 3974 261 4018 r.
286 3951 315 4017 5.
331 3953 567 4034 -Modicam‚
590 3967 617 4020 et
638 3977 702 4020 aaa
726 3957 870 4023 videbitis
890 3980 937 4023 ore
947 4002 959 4035 ,
982 3955 1095 4043 utpote
1122 3954 1217 4027 hrcri
1241 3968 1314 4045 post

248 4175 281 4242 (1)
302 4177 339 4226 ιο.
358 4174 418 4245 xv,
436 4177 479 4228 ac.
