2978 4920
289 324 331 392 18
612 344 642 390 111
665 340 800 389 1611111111
822 338 1069 387 conunnrlnrvu

289 445 390 510 porro
414 429 506 493 iuvat
531 427 569 491 ut
602 429 635 489 in
658 428 761 508 prima
784 431 877 507 parte
901 430 998 503 atque
1019 424 1100 485 adeo
1124 424 1157 483 in
1177 424 1245 505 ipsa
1270 425 1419 505 proposie

290 531 391 605 tione,
402 529 529 594 nomine
551 528 649 609 panis
671 528 772 592 semel
796 533 923 590 tantum
950 524 1104 600 adhibito,
1126 542 1191 586 non
1214 524 1303 586 ultra
1320 525 1420 604 porcis

289 637 349 693 aut
372 630 434 692 cibi
454 630 647 692 mentionem
668 628 836 704 iniecerit,
865 645 925 689 nee
951 643 1098 704 unquam
1124 624 1262 687 verbum
1285 626 1422 687 moedu-

289 751 360 795 care
387 731 446 795 a'ut
469 730 567 792 hibere
590 729 811 811 usurpaverit,
838 729 892 791 sed
924 727 963 790 de
987 746 1052 790 una
1083 725 1145 788 fide
1171 727 1330 805 loquutus
1354 726 1418 804 sit,

290 832 409 912 quippe
431 831 507 911 quia
527 832 683 911 inprime
705 834 797 910 parte
817 846 933 890 nomen
941 826 1039 906 ponis
1055 827 1230 889 translatus
1243 827 1284 888 sit
1291 846 1303 905 3
1319 845 1421 906 quam

289 934 512 1013 metaphoram
541 929 688 995 Christus
716 948 819 1009 quum
839 929 929 990 initio
957 927 1152 1003 adhibuerit,
1179 945 1251 988 eam
1279 945 1343 989 non
1366 929 1421 991 ul·

291 1040 341 1095 tra
368 1032 546 1113 urgendum
571 1032 674 1094 duxit.
698 1029 756 1093 Ast
783 1031 816 1091 in
839 1029 979 1092 secunda
1006 1034 1099 1109 parte
1119 1029 1210 1091 nulla
1231 1029 1361 1092 omuino
1383 1031 1421 1092 fi-

291 1134 342 1196 dei
362 1134 494 1210 mentio,
516 1151 621 1211 neque
642 1131 779 1194 verbum
800 1132 919 1192 eredere
940 1130 993 1193 vel
1006 1130 1106 1192 semel
1120 1129 1253 1207 legitur,
1268 1131 1325 1192 sed
1342 1131 1420 1194 illae

290 1253 399 1311 voces,
428 1252 508 1313 quas
536 1234 688 1309 diximus,
718 1250 783 1293 una
811 1231 866 1294 vel
897 1231 1021 1310 plures,
1046 1230 1138 1292 nullo
1165 1240 1229 1292 non
1262 1230 1294 1291 in
1319 1250 1421 1295 versu

290 1341 487 1416 comparent.
513 1331 686 1397 Praeterea
705 1330 845 1409 ludaeis,
860 1333 987 1413 signum
1008 1351 1026 1393 a
1051 1329 1180 1395 Christo
1200 1331 1420 1412 flagitantibus

291 1442 324 1499 et
349 1454 464 1498 manna
489 1435 734 1515 opponentibus,
757 1432 904 1498 Christus
925 1438 1094 1509 annuerat,
1120 1433 1246 1512 signum
1267 1433 1351 1510 dari,
1372 1435 1421 1496 id-

290 1554 354 1614 que
381 1555 451 1599 esse
468 1554 584 1616 paoem
608 1536 643 1595 de
667 1536 752 1596 coeto
783 1553 913 1607 oerum,
934 1554 1039 1614 neque
1063 1534 1147 1596 enim
1178 1553 1247 1596 cere
1271 1536 1307 1595 de
1331 1524 1419 1596 coelo

294 1637 403 1699 iuerat
422 1637 512 1717 panis
533 1655 630 1716 quem
651 1635 780 1719 Moyses
808 1637 871 1698 illis
893 1636 1026 1699 dederat
1049 1655 1103 1699 vv.
1128 1632 1178 1698 32.
1199 1633 1250 1698 33.
1274 1633 1420 1698 1111111111

292 1738 414 1800 dehoc
438 1739 527 1819 signo
551 1738 710 1819 inprima
738 1738 892 1801 sermonis
921 1743 1024 1818 parte.
1051 1736 1099 1799 lle
1124 1756 1162 1799 eo
1186 1737 1286 1816 igitur
1310 1737 1343 1798 in
1368 1756 1420 1800 se·

290 1840 395 1902 cunda
416 1840 457 1902 sit
477 1845 616 1920 oportet.
638 1838 693 1916 At,
709 1840 736 1902 si
752 1840 785 1900 in
805 1839 945 1902 secunda
969 1843 1061 1918 parte
1081 1856 1198 1900 nomen
1213 1836 1311 1917 ponis
1332 1838 1419 1902 idem

291 1939 485 2018 signiticaret
503 1940 591 2019 quod
611 1941 643 2002 in
663 1941 780 2020 prima,
802 1940 877 2014 iam,
899 1937 984 2001 sieut
1002 1956 1102 2017 supra
1117 1938 1416 2017 animadvertimus,

289 2040 415 2119 signum
441 2059 505 2103 non
529 2046 613 2104 esset
635 2059 741 2118 neque
768 2059 836 2103 esse
856 2044 973 2120 posset.
1001 2037 1063 2103 Sed
1087 2044 1120 2101 et
1140 2039 1203 2101 alia
1224 2048 1417 2120 argumenta

289 2159 359 2204 sese
386 2143 476 2204 nobis
500 2141 585 2204 inira
612 2141 758 2204 ollerent.
1380 2142 1392 2155 ⁴

304 2293 313 2317 ,
370 2261 424 2306 vv.
456 2238 507 2307 19.
533 2238 583 2307 50.
612 2240 657 2307 vt
679 2241 802 2322 primae
828 2244 928 2322 partis
955 2243 1167 2323 propositioni
1194 2243 1418 2323 explicationis

292 2343 395 2422 gratia
421 2343 628 2423 subiungitur
649 2345 786 2407 verbum
807 2345 939 2421 credere,
960 2345 1006 2406 ita
1025 2345 1237 2425 propositioni
1256 2347 1418 2411 secundae

290 2445 390 2524 partis
415 2445 553 2508 verbum
576 2446 775 2507 munducare.
807 2442 889 2522 Sed,
916 2465 1018 2524 quum
1044 2444 1191 2510 Christus
1214 2447 1246 2508 in
1275 2449 1418 2512 secunda

290 2549 383 2623 parte
406 2545 606 2624 loquuturus
631 2545 671 2606 sit
695 2545 734 2608 de
759 2547 849 2626 signo
877 2547 965 2626 quod
990 2544 1102 2610 ludaei
1121 2549 1291 2627 petierant,
1313 2552 1418 2628 quod-

290 2663 354 2723 que
381 2663 400 2706 a
423 2642 492 2707 Deo
520 2645 591 2706 dari
614 2645 681 2726 ipse
715 2646 953 2724 affirmaverat,
985 2648 1089 2728 primo
1117 2649 1275 2711 rationem
1296 2651 1417 2716 afferre

292 2745 397 2808 voluit
409 2764 470 2807 cur
489 2745 608 2808 dixerit
622 2765 739 2825 paoem
758 2748 794 2808 de
814 2748 899 2808 coeto
918 2767 1025 2810 cerem
1045 2768 1109 2811 non
1130 2768 1205 2811 eum
1226 2769 1295 2812 esse
1315 2770 1416 2831 quem

290 2844 419 2930 Moyses
443 2846 588 2925 dederat,
613 2847 668 2910 sed
695 2867 792 2928 quem
817 2854 911 2929 pater
931 2849 995 2913 dat.

368 2967 425 3010 vv.
451 2944 501 3012 51.
530 2944 580 3011 52.
610 2946 756 3012 Christus
783 2969 816 3012 se
832 2969 949 3030 pacem
975 2950 1058 3013 vitoe
1082 2971 1150 3015 esse
1174 2952 1415 3032 affirmaverat,

289 3047 453 3127 huncque,
469 3053 654 3111 nouantem
675 3068 772 3129 quem
793 3050 921 3136 Moyses
943 3052 1087 3129 dederat,
1111 3053 1150 3115 de
1171 3055 1261 3116 caelo
1286 3054 1417 3118 descen-

289 3147 383 3224 disse,
409 3155 507 3228 atque
536 3150 744 3230 discriminis,
774 3154 862 3233 quod
887 3159 935 3216 est
959 3154 1042 3216 inter
1067 3156 1152 3217 hunc
1177 3173 1293 3235 panem
1315 3163 1415 3236 atque

286 3248 403 3325 illum,
433 3251 591 3315 rationem
612 3253 788 3316 addiderat.
820 3253 914 3319 Nunc
934 3261 1109 3336 utramque
1134 3275 1202 3318 rem
1229 3257 1325 3319 unica
1349 3277 1416 3320 ma-

286 3349 397 3429 gisque
418 3354 589 3433 perspicua
609 3357 826 3418 enuntiatione
847 3357 965 3435 repetit
989 3376 1020 3420 v.
1047 3354 1107 3434 51,
1130 3358 1287 3436 illamque
1314 3359 1414 3421 ratio-

284 3467 359 3512 nem
385 3453 512 3532 plenius
539 3456 670 3535 exponit
695 3475 726 3520 v.
753 3452 802 3519 52.
832 3454 991 3537 Compara
1023 3476 1097 3520 cum
1122 3477 1175 3521 vv.
1204 3456 1245 3522 38
1259 3453 1323 3525 -ltO
1353 3461 1413 3523 hos

284 3570 338 3614 vv.
365 3551 415 3617 51.
445 3551 495 3616 52.
520 3553 556 3616 ln
578 3557 727 3635 utrisque
750 3576 784 3619 se
812 3557 851 3620 de
877 3561 967 3621 caelo
991 3558 1189 3622 descendisse
1216 3561 1272 3636 ait,
1299 3561 1413 3625 sedin

283 3651 331 3713 his
352 3671 386 3715 se
401 3672 517 3733 ponem
537 3656 691 3735 appellat,
713 3657 745 3718 in
765 3657 828 3720 illis
849 3677 913 3721 non
933 3660 1019 3722 item.
1044 3656 1080 3719 ln
1100 3660 1249 3738 utrisque
1270 3667 1319 3723 est
1339 3680 1414 3724 con·

195 3766 198 3771 ·
283 3752 362 3815 ditio
380 3753 464 3817 vitae
487 3765 630 3818 aeternae
658 3759 858 3838 obtinendae,
886 3761 1005 3823 inillis
1030 3761 1162 3840 quidem
1189 3761 1215 3823 si
1247 3763 1320 3842 quis
1348 3771 1413 3828 ere-

284 3855 351 3927 dat,
376 3855 408 3917 in
432 3857 480 3918 his
500 3855 529 3918 si
552 3855 623 3938 quis
649 3860 823 3922 manducet.
848 3859 999 3936 Quodin
1022 3861 1171 3940 utrisque
1195 3862 1410 3944 promittitur,

269 3955 359 4018 111611
379 3964 508 4038 poterat
526 3965 564 4022 ut
585 3959 690 4039 primo
712 3958 824 4025 ludaei
843 3980 906 4024 non
927 3969 1015 4026 recte
1035 3963 1263 4044 intelligerent3
1285 3965 1359 4030 ideo
1376 3969 1412 4030 in

287 4057 351 4120 illis
380 4059 427 4121 161
451 4061 627 4140 promissae
647 4063 820 4143 explicatio
842 4064 1011 4127 subiuncta
1032 4070 1081 4127 est
1103 4065 1134 4125 in
1156 4064 1218 4128 tine
1237 4084 1352 4131 versus
1371 4065 1412 4133 39

288 4163 322 4219 61
347 4155 542 4238 versasti),
564 4168 597 4226 at
623 4162 741 4227 nonin
768 4165 828 4242 his,
853 4170 965 4246 utpote
987 4183 1022 4230 re
1049 4167 1113 4232 iam
1133 4167 1304 4247 explicata.
1328 4167 1411 4237 Con·
