2986 4912
509 274 611 322 contr
634 273 788 330 overrun
1169 255 1212 324 to

65 361 162 423 cuins
185 359 410 440 appellationis
439 378 514 423 cum
542 359 669 422 nomine
697 357 769 419 Iesu
800 358 1023 442 convenientia
1054 360 1213 422 neminem

64 460 157 522 latet.
180 457 301 523 Confer
323 476 354 522 v.
377 454 479 523 42-
494 456 579 520 Venit
599 455 739 561 ἔρχεται,
764 461 916 538 tempore
946 461 1124 540 praesenti3
1153 460 1214 524 sci-

66 566 144 627 lieet
164 570 198 628 et
227 563 408 629 Samaritae
439 585 498 647 per
528 567 611 630 illud
642 573 768 648 tempus
796 565 949 629 Messiam
971 561 1210 642 exspectabant.

66 664 187 729 Confer
206 684 238 729 v.
264 663 315 730 29.

145 785 178 829 v.
200 763 251 829 33.
275 765 394 830 Nativa
412 768 558 831 veritatis
579 768 766 848 simplicitas
797 767 829 828 in
844 768 892 828 his
907 765 1069 846 proditur,
1086 768 1119 824 et
1132 761 1212 825 sori-

66 871 144 947 ptor
164 864 260 926 facile
282 869 469 945 agnoscitur
489 886 527 930 ea
548 887 683 930 narrans
704 868 822 947 quibus
846 883 997 947 praesens
1018 861 1179 924 adfuerat.
1248 928 1255 940 ,

147 986 179 1031 v.
205 963 256 1034 dd.
278 965 363 1046 Opus
377 967 454 1029 eius.
472 965 592 1030 Confer
613 966 660 1030 lo.
683 966 741 1044 Vl,
763 966 822 1045 293
845 963 958 1041 xvh,
980 961 1010 1028 4.
1036 961 1208 1038 Quodnam

67 1066 246 1149 hocopus,
272 1067 422 1132 Christus
450 1067 533 1128 inira
555 1069 696 1149 explicat
723 1065 921 1146 metaphoris
950 1083 992 1125 ex
1013 1068 1154 1124 semente
1176 1067 1209 1122 et

68 1184 172 1229 messe
191 1167 310 1247 petitis.

147 1285 179 1331 v.
201 1264 253 1331 35.
283 1265 397 1330 Messis
424 1266 643 1347 peragebatur
670 1266 754 1327 inter
781 1265 900 1345 paseha
928 1270 961 1324 et
986 1265 1202 1342 penteocsten.

68 1365 209 1448 Tempus
231 1386 309 1446 ergo
331 1375 407 1429 tunc
429 1373 501 1430 erat
521 1369 605 1429 intra
630 1386 755 1430 menses
781 1366 992 1428 novembrem
1020 1367 1054 1424 et
1080 1362 1207 1423 decem-

67 1467 446 1547 brem-Metaphorae
466 1485 578 1530 sensus
599 1473 648 1529 ost
668 1474 794 1546 tempus
808 1467 873 1526 iam
887 1466 997 1526 adesse
1012 1480 1078 1543 quo
1098 1468 1206 1541 gentes

66 1585 178 1629 omnes
200 1569 232 1628 in
252 1567 424 1630 ecclesiam
446 1573 733 1647 congregarentur.
747 1566 897 1628 Christus
918 1565 998 1626 haec
1020 1562 1102 1624 dixit
1115 1579 1209 1624 occa-

64 1665 156 1728 sione
177 1666 248 1729 eius
270 1668 359 1746 quod
382 1667 421 1729 de
442 1665 610 1729 Samaritis
630 1668 663 1727 in
685 1666 840 1728 hocloco
862 1672 1028 1725 narratur.

147 1784 179 1827 r.
201 1764 252 1831 36.
277 1765 427 1830 Christus
448 1767 623 1846 discipulos
644 1766 685 1828 ad
706 1767 886 1846 spiritalem
907 1766 989 1826 hanc
1003 1780 1140 1826 messem
1153 1781 1206 1825 ca-

64 1866 256 1946 pessendam
287 1868 410 1947 duplici
441 1867 608 1947 proposito
640 1867 861 1928 emolumento
894 1864 1039 1940 excitat,
1071 1862 1206 1924 mercede

62 1984 163 2045 quam
183 1969 349 2049 recepturi
369 1973 488 2044 esseut,
504 1975 537 2029 et
555 1967 712 2047 fructibus
734 1986 815 2046 quos
837 1966 983 2046 ipsorum
1000 1965 1129 2025 labores
1144 1963 1204 2024 toti

64 2067 233 2130 hominum
255 2069 364 2148 generi
385 2075 490 2130 essent
510 2067 668 2149 parituri3
692 2070 803 2148 aitque
825 2066 896 2129 iore
917 2072 955 2129 ut
975 2083 1046 2128 eam
1068 2064 1110 2126 ob
1134 2081 1205 2125 rem

64 2186 130 2231 non
151 2170 256 2233 minus
276 2171 299 2230 ii
320 2169 480 2250 gaudeant
502 2171 558 2249 qui
578 2177 740 2246 severant,
765 2189 861 2249 quam
882 2169 942 2249 ipsi
962 2168 1020 2248 qui
1033 2172 1203 2230 meterent.

66 2267 131 2344 Qui
152 2277 303 2334 severant
322 2290 524 2351 messemque
546 2277 753 2351 paraverant,
777 2273 955 2350 prophetae
976 2272 1087 2344 erant,
1110 2263 1205 2328 loan-

63 2387 121 2431 nes
141 2368 296 2451 baptista,
319 2373 522 2452 potissimum
544 2378 653 2435 autem
675 2373 743 2451 ipse
764 2370 912 2434 Christus
933 2370 1065 2432 caelesti
1086 2367 1201 2448 gratia,

63 2469 159 2533 cuius
180 2476 297 2534 auctor
318 2478 377 2549 est,
400 2474 568 2537 hominum
590 2472 713 2535 animos
734 2473 775 2534 ad
796 2472 892 2534 tidem
913 2471 1104 2551 perducens.

143 2589 175 2633 v.
198 2569 249 2634 37.
273 2569 517 2651 Signihcnvorat
537 2591 679 2651 moxque
700 2592 732 2637 v.
755 2570 796 2636 38
822 2578 936 2653 aperte
957 2571 1106 2633 dicturus
1132 2573 1205 2630 erat

61 2687 128 2732 non
146 2670 232 2751 ipsos
252 2671 415 2751 apostolos
436 2672 555 2735 sevisse
576 2690 660 2750 qnae
680 2673 819 2735 messuri
840 2677 964 2749 essent3
991 2687 1103 2732 sensus
1123 2685 1201 2745 ergo

62 2768 161 2831 huius
182 2788 298 2833 versus
311 2771 357 2833 sic
374 2776 434 2832 est:
458 2769 541 2832 Nam
563 2772 623 2833 hac
644 2790 777 2850 qnoque
798 2773 830 2833 in
844 2790 880 2832 re
895 2770 1017 2832 obtinet
1030 2765 1114 2828 illud
1128 2764 1203 2827 ada·

62 2867 162 2945 gium:
180 2867 275 2930 Alius
293 2868 413 2949 estqui
431 2869 577 2943 seminat,
599 2878 628 2931 et
647 2870 733 2932 otios
752 2881 796 2932 est
816 2869 872 2951 qui
890 2868 987 2930 metit.

142 2986 174 3030 v.
196 2966 247 3032 38.
271 2967 538 3032 Accommodatio
559 2970 725 3049 proverbii
739 2970 780 3030 ad
794 2988 864 3032 rem
878 2969 918 3029 de
933 2986 997 3046 qua
1012 2966 1131 3045 agitur.
1148 2963 1201 3026 Ex

61 3066 112 3128 his
134 3067 273 3131 efficitur
292 3068 445 3148 perillus
467 3089 603 3145 menses,
627 3069 684 3148 qui
706 3068 841 3130 ruerunt
854 3087 872 3129 a
887 3069 1038 3147 paschate
1054 3067 1094 3127 ad
1109 3063 1202 3128 Chri·

61 3167 103 3228 sti
123 3168 358 3248 protectionem
379 3187 421 3231 ex
443 3168 575 3246 Iudaea,
598 3170 773 3250 discipulos
795 3170 835 3229 ab
856 3187 894 3230 eo
915 3169 1028 3229 missos
1048 3166 1145 3228 fuisse
1159 3165 1199 3226 ad

62 3268 202 3349 populos
224 3269 313 3331 illius
334 3269 474 3348 regionis
496 3271 667 3333 docendos.
692 3268 811 3333 Conier
832 3267 878 3331 lo.
903 3264 1198 3346 111,22;1v,t.2.

144 3387 198 3431 vv.
221 3365 338 3433 39-42.
363 3367 594 3434 Animadverte
615 3376 653 3434 ut
674 3369 809 3433 loannes
829 3388 891 3451 pro
912 3387 1004 3430 more
1030 3386 1089 3428 suo
1117 3367 1200 3427 hanc

59 3468 282 3531 narrationem
304 3468 477 3530 concludat
497 3471 618 3532 multos
640 3488 895 3532 commemorans
916 3468 1018 3549 quiin
1033 3465 1199 3530 Christum

61 3576 141 3631 tunc
172 3566 604 3631 crediderunt-Solvator
632 3569 745 3632 mundi
770 3571 854 3631 idem
883 3568 1000 3649 procul
1031 3566 1130 3628 duhio
1161 3585 1199 3628 nc

59 3666 207 3746 Messias3
229 3668 294 3732 imo
320 3668 352 3729 in
373 3687 490 3747 graeco
512 3671 692 3751 exemplari
712 3671 843 3733 additur
857 3663 875 3735 ὁ
891 3689 1030 3767 χριστος
1048 3664 1197 3730 christos.

60 3767 182 3833 Confer
201 3787 256 3833 vv.
278 3766 329 3831 22.
350 3765 402 3831 25.
1206 3840 1209 3851 .

139 3888 192 3933 vv.
215 3865 265 3932 43.
287 3864 337 3932 dd.
361 3867 496 3931 loannes
511 3871 731 3933 narrationem
753 3873 791 3934 de
813 3870 931 3935 Christi
953 3872 1061 3934 reditu
1083 3890 1124 3933 ex
1145 3869 1199 3932 Iu·

57 3970 139 4033 daea
158 3969 191 4031 in
212 3967 403 4046 Galilaeam,
427 3988 526 4050 quam
547 3973 697 4051 superius
717 3991 748 4035 v.
763 3971 783 4036 3
797 3973 1030 4053 interruperat,
1047 3991 1132 4035 nunc
1147 3991 1198 4034 re-

57 4069 150 4150 petit.
172 4066 221 4132 De
242 4064 363 4131 Iudaea
384 4070 495 4150 itaque
511 4070 596 4133 dicta
612 4089 630 4133 a
647 4068 776 4136 Christo
790 4079 866 4135 sunt
879 4073 947 4137 illa:
968 4070 1052 4148 Quia
1064 4073 1198 4189 prophe-

963 4166 984 4238 i
