2986 4912
392 294 416 325 s,
498 281 600 330 cmm
624 281 766 330 mmmm
867 313 869 317 «
1177 266 1216 333 35

178 365 230 446 27
259 368 463 468 Respondit
490 370 657 459 ioannes,
687 384 725 445 et
753 371 860 445 dixit:
886 368 964 446 Non
988 381 1112 469 potest
1140 371 1210 447 he-

70 524 133 574 mo
184 499 348 596 accipere
395 499 607 598 quidquam,
637 500 724 611 'nisi
766 499 877 574 suerit
923 502 956 574 ei
998 500 1123 576 datum
1167 501 1210 576 de

72 627 187 703 eaelo.

175 748 330 852 281psi
358 778 424 829 ves
451 755 543 828 mihi
577 755 830 830 testimenium
859 757 1085 856 perhibetis,
1113 760 1211 857 quod

70 883 253 958 dixerim:
273 880 352 957 Non
380 906 463 958 sum
491 906 559 981 ege
586 881 768 959 Christus:
798 884 861 959 sed
876 886 963 984 quia
977 885 1112 960 missus
1128 911 1210 962 sum

69 1025 157 1085 ante
186 1011 303 1085 ilium.

175 1131 228 1213 29
256 1135 326 1228 Qui
354 1137 468 1213 hahet
495 1161 681 1237 sponsam,
710 1162 865 1237 sponsus
893 1152 963 1215 est:
985 1140 1125 1215 amicus
1149 1166 1207 1216 au-

69 1280 148 1343 tem
176 1266 313 1365 sponsi,
342 1268 404 1365 qui
425 1279 514 1355 stat,
534 1281 572 1341 et
591 1268 692 1342 audit
707 1291 806 1355 eum,
822 1267 952 1365 gaudie
969 1267 1104 1365 gaudet
1122 1293 1208 1367 pre·

67 1406 154 1494 pter
179 1419 307 1470 vocem
335 1395 472 1493 sponsi.
502 1394 579 1470 Hee
607 1419 693 1494 ergo
721 1396 894 1493 gaudium
921 1419 1045 1472 meum
1069 1396 1204 1496 imple-

68 1536 150 1599 tum
179 1536 250 1598 est.

173 1644 226 1725 30
254 1649 361 1725 lllum
389 1662 536 1749 oportet
565 1673 746 1737 creseere,
773 1673 833 1724 me
862 1663 986 1726 eutem
1014 1653 1143 1728 minui.

63 1760 66 1768 ¹
172 1771 220 1854 31
250 1776 322 1868 Qui
349 1779 542 1853 desursum
569 1779 684 1866 venit,
713 1802 823 1876 super
851 1802 977 1853 omnes
1019 1793 1089 1855 est.
1133 1777 1203 1872 Qui

65 1920 125 1982 est
152 1905 197 1981 de
225 1917 337 1994 terra,
366 1907 528 1981 detersa
558 1920 629 1989 est,
657 1918 694 1980 et
723 1906 767 1981 de
795 1919 894 1981 terea
922 1907 1095 2006 loquitur.
1132 1906 1202 2001 Qui

63 2037 111 2112 de
139 2035 240 2112 eaelo
268 2035 384 2122 venit,
413 2059 523 2134 super
552 2058 678 2109 omnes
707 2046 777 2109 est.

172 2159 223 2239 32
251 2162 300 2239 Et
326 2163 423 2264 qued
450 2163 554 2252 vidit,
574 2175 612 2237 et
640 2163 791 2247 audivit,
806 2163 876 2238 hoe
895 2173 1066 2237 testetur:
1083 2175 1122 2238 et
1140 2175 1197 2238 te-

64 2292 279 2369 stimenium
307 2294 386 2368 eius
413 2315 521 2367 neme
550 2292 694 2390 accipit.

59 2478 62 2485 n
125 2433 127 2437 ‘
171 2415 223 2495 33
250 2418 321 2510 Qui
348 2420 489 2520 aceepit
517 2420 595 2496 eius
622 2419 890 2507 testimenium,
919 2419 1077 2517 signavit
1113 2419 1199 2517 quia

57 2546 165 2624 'Deus
191 2571 305 2622 verax
332 2560 402 2623 est.

56 2756 59 2763 ,
170 2669 221 2751 33
249 2672 366 2764 Quem
394 2673 492 2748 enim
519 2673 621 2747 misit
647 2671 759 2757 Deus,
788 2671 900 2746 verba
927 2671 994 2746 Dei
1022 2673 1196 2772 loquitur:

58 2803 256 2876 nonenim
284 2803 330 2876 ad
357 2825 568 2876 mensuram
595 2801 658 2874 dat
686 2799 784 2876 Deus
813 2801 999 2900 spiritum.

168 2924 219 3005 35
246 2929 358 3005 Pater
384 2929 502 3028 diligis
529 2929 674 3004 Filium:
704 2943 742 3003 et
768 2929 890 3004 emnie
917 2929 1018 3004 dedit
1045 2929 1083 3003 in
1116 2952 1195 3004 ma-

59 3079 110 3134 nu
139 3057 230 3134 eius.

164 3176 215 3258 36
236 3181 312 3275 'Qui
340 3185 455 3261 eredit
482 3185 518 3258 in
546 3183 692 3271 Filium,
720 3183 961 3260 habetvitam
982 3196 1184 3258 aeternam:

56 3311 122 3410 qui
148 3325 271 3389 eutem
300 3313 506 3390 incredulus
534 3326 591 3389 est
618 3313 723 3399 Filio,
738 3336 811 3388 nen
830 3313 967 3389 videbit
982 3291 1111 3398 eitam,
1127 3313 1191 3388 sed

57 3441 112 3515 ire
141 3440 206 3517 Dei
234 3455 360 3518 manet
388 3466 498 3541 super
525 3465 624 3518 eum.
