2986 4912
520 282 622 330 curva
646 285 765 333 uatnvu
1214 270 1233 336 5

195 363 246 443 50
274 368 475 467 Respondit
502 372 618 460 lesus,
647 387 685 449 et
712 377 805 451 dixit
833 376 878 451 ei:
909 375 1000 467 Quia
1032 377 1106 452 dixi
1141 377 1224 451 tibi:

92 497 170 572 Vidi
198 513 234 572 te
263 498 331 572 sub
359 499 443 586 ficu,
472 503 605 576 credis:
637 506 754 579 maius
782 505 840 579 his
869 505 1019 580 videbis.

195 621 242 701 51
275 625 324 701 Et
350 627 439 702 dicit
467 629 520 702 ci:
551 631 691 718 Amen,
721 657 826 706 amen
856 633 937 707 dico
967 633 1094 719 vobis,
1123 635 1227 708 vide-

86 755 173 828 bitis
193 755 333 828 caelum
353 771 536 853 apertum,
565 772 602 831 et
631 759 791 856 Angelos
820 759 885 833 Dei
917 760 1170 845 ascendentes,
1191 775 1229 833 ct

86 882 352 957 descendentes
381 908 488 981 supra
518 885 648 958 Filium
678 887 848 962 hominis.

537 1521 790 1574 oonncNTtutvtt

97 1731 213 1882 Quae
234 1798 310 1854 sunt
331 1793 363 1854 iu
384 1791 411 1867 l,
427 1791 530 1869 t-18,
548 1814 584 1856 ca
603 1796 674 1858 luse
689 1797 825 1876 exposui
840 1798 871 1856 iu
887 1816 985 1877 opere
1001 1797 1039 1858 de
1051 1795 1234 1876 Evangeliis

97 1892 133 1956 L.
158 1891 217 1956 lll.
239 1892 322 1956 Diss.
346 1891 435 1956 Vlll.
461 1892 553 1956 lllius
576 1896 807 1960 dissertationis
821 1915 980 1959 summam
995 1897 1166 1959 dumtaxat
1184 1899 1235 1961 liic

95 1995 320 2074 perstringam.

178 2092 312 2158 loannes
337 2096 465 2177 scripsit
490 2099 695 2177 evangelium
716 2104 755 2160 ut
780 2098 1016 2160 domonstraret
1044 2096 1121 2177 qnia
1151 2098 1238 2160 Iesus

95 2204 142 2257 cst
165 2193 307 2258 Christus
326 2196 413 2276 filins
432 2195 503 2259 Dei.
527 2197 616 2278 Ergo
638 2218 698 2279 par
719 2198 781 2261 suit
802 2205 839 2261 ut
865 2199 1084 2260 narrationem
1109 2200 1239 2262 exordi-

98 2303 193 2360 retur
213 2316 232 2360 a
253 2298 399 2361 doctriua
420 2297 459 2361 dc
480 2298 601 2362 Verbo.

179 2397 290 2475 Quum
312 2405 398 2464 totus
420 2402 472 2463 hic
491 2402 585 2464 locus
606 2402 647 2464 sit
672 2402 892 2482 dogmaticuS,
920 2401 989 2463 cius
1015 2401 1239 2481 interpretatio

97 2520 141 2563 ex
161 2520 225 2563 una
247 2503 402 2564 ecclcsiae
424 2510 457 2565 ct
477 2510 607 2584 patrum
633 2503 778 2566 doctriua
805 2510 938 2584 petatur
963 2510 1062 2584 atque
1087 2512 1240 2566 accurate

98 2603 312 2666 confirmetur
337 2623 466 2667 neccsse
488 2611 546 2667 est.
572 2603 621 2666 Ad
648 2605 925 2667 confirmationem
950 2605 1068 2667 sullicit
1094 2606 1147 2668 vcl
1172 2606 1240 2686 ipsa

102 2705 317 2767 consideratio
339 2707 408 2768 eius
434 2706 522 2786 quod
554 2704 688 2769 loannes
717 2707 939 2768 demonstrare
963 2707 1090 2782 voluit,
1115 2706 1243 2769 cadem-

97 2825 163 2886 que
189 2807 265 2869 satis
296 2812 345 2869 est
368 2808 538 2870 contrariis
558 2809 755 2871 refellendis.
784 2807 912 2871 Etenim
938 2808 1161 2869 demonstrare
1186 2808 1241 2869 illc

99 2909 207 2971 voluit
231 2905 339 2970 lesum
360 2927 429 2970 esse
448 2906 604 2970 Christum
617 2908 722 2987 filium
737 2907 807 2971 Dei.
827 2907 923 2984 Quod
946 2906 1036 2970 lesus
1056 2914 1140 2970 essct
1156 2907 1242 2970 lilius
1282 2914 1284 2921 '

101 3008 162 3072 Dei
190 3009 370 3090 adoptivus,
393 3029 495 3090 quum
520 3011 582 3072 hoc
608 3011 650 3072 sit
673 3011 821 3072 omuibus
847 3010 939 3071 iustis
967 3027 1151 3084 commuue,
1178 3027 1242 3069 nou

99 3116 172 3173 erat
198 3131 259 3174 cur
280 3112 319 3174 dc
341 3131 380 3174 co
406 3110 654 3173 demonstrando
676 3108 811 3172 loannes
842 3111 1021 3172 laboraret.
1056 3106 1171 3184 Qualis
1192 3128 1244 3170 cr-

101 3230 141 3291 go
162 3212 274 3289 lilius,
304 3213 330 3274 si
355 3212 438 3274 alius
461 3231 498 3274 ac
525 3206 717 3272 naturalis?
744 3210 815 3273 Hoc
837 3212 1002 3274 enimvero
1030 3207 1164 3271 loannes
1186 3227 1244 3270 nos

101 3311 231 3374 minime
252 3313 356 3375 docet.
380 3311 469 3376 Num
490 3332 569 3375 vero
592 3313 721 3374 dicetur
736 3310 871 3374 loannes
893 3318 1061 3392 tantopere
1082 3309 1244 3372 studuisse

101 3415 251 3479 evincere
272 3414 380 3478 lesum
401 3435 470 3478 csse
496 3414 599 3494 filium
621 3413 699 3488 net,
729 3434 788 3477 uec
814 3422 920 3477 tamen
947 3432 1079 3475 curasse
1108 3431 1165 3474 uos
1188 3411 1244 3474 do-

102 3535 176 3578 ecre
197 3535 357 3597 quaenam
378 3522 462 3578 essct
482 3517 563 3578 haec
592 3517 704 3579 filiatio
713 3513 730 3580 ζ)
752 3514 854 3578 Aiunt
874 3516 957 3576 hauc
986 3534 1054 3576 csse
1083 3513 1245 3575 excelleu-

106 3617 183 3679 tiam
205 3618 367 3680 filiationis
389 3618 573 3699 adoptivae,
596 3621 635 3681 de
657 3639 723 3699 qua
744 3621 776 3679 in
797 3639 829 3680 v.
846 3612 897 3682 ld.
915 3617 1040 3679 Verum
1061 3618 1167 3696 primo
1194 3636 1245 3678 ra-

106 3721 148 3782 tio
178 3721 386 3800 grammatica
408 3721 440 3782 id
462 3721 604 3797 refellit,
627 3741 701 3783 nam
723 3720 805 3783 illud
821 3721 953 3798 plenum
979 3738 1043 3781 non
1066 3726 1174 3800 potest
1195 3738 1246 3780 re-

103 3821 184 3884 lcrri
205 3822 245 3883 ad
267 3821 437 3901 ceipeniti.
460 3821 594 3899 Deinde,
618 3822 825 3908 quantumvis
854 3821 1140 3896 excellentiorem,
1164 3826 1246 3882 atta-

102 3942 176 3985 men
190 3929 308 3986 uatura
329 3924 474 3988 eamdem
489 3943 527 3986 ac
546 3931 693 3987 nostram
715 3924 863 3986 suturam
886 3922 985 3991 luisse
1008 3927 1144 4003 apparet
1164 3921 1247 3982 hauc

102 4024 243 4087 divinam
263 4023 381 4089 Christi
399 4022 584 4104 filiationem
599 4023 791 4104 adoptivam
804 4042 868 4085 nou
889 4041 967 4101 ergo
981 4018 1165 4101 uniqcnitcs
1180 4020 1243 4083 dici

104 4125 272 4203 potuisset.
