2986 4912
167 317 208 388 26
504 333 534 380 m
557 329 694 378 ioannnn
716 327 963 376 connenrnnmn

248 440 279 484 v.
305 417 355 485 tn.
383 417 506 482 Graeco
531 422 579 478 est
607 407 703 492 ὁυὶσς
714 433 769 478 του
786 409 853 478 iam
870 410 887 491 (
893 411 918 473 it
940 411 1027 492 fipiio
1047 409 1080 472 di
1097 408 1198 489 Dio).
1215 408 1306 474 Nota

169 523 357 598 articulum,
374 521 514 601 itemquo
529 522 637 584 inillis
651 513 668 585 ὁ
685 516 839 608 βασιλευς
854 513 1108 618 ron’lupanl(il
1127 534 1160 577 re
1178 512 1309 576 d'Isra·

170 625 214 684 ete
223 623 252 703 ).
271 621 362 697 Quae
390 624 618 704 appellationes
643 622 792 686 Messinm
818 629 906 684 nerle
930 622 1103 700 designant.
1124 620 1228 682 Porro
1256 620 1309 682 vi-

171 726 284 788 demus
298 726 460 804 quomodo
475 722 586 787 ludaei
601 725 769 786 crederent
783 722 932 786 Messiam
946 722 1005 785 Dei
1020 722 1122 784 filium
1142 723 1306 784 laturum.

257 845 289 891 v.
316 823 365 890 5l.
393 825 504 898 Amen,
526 845 616 887 emm
644 824 713 887 dieo
741 824 839 898 nobis,
864 826 1082 887 atlirmationis
1107 824 1248 886 formula
1274 823 1309 882 in

171 921 1310 1007 hmmwmwmmmmmmfflmmwmaefflwp

172 1025 1311 1109 mfflmwmmmwfflmmmmmmmm

173 1129 430 1209 frequentissime
454 1130 599 1205 solebat,
626 1129 708 1190 hano
736 1130 894 1190 rationem
920 1126 1120 1205 Augustinus
1145 1124 1308 1187 redditita

176 1227 375 1291 Commendat
395 1226 483 1290 ontis
496 1227 572 1309 perid
585 1227 827 1291 misericorditer
841 1227 989 1306 clipeatus
1003 1226 1044 1289 sit
1058 1246 1117 1287 esse
1126 1245 1187 1306 pro
1205 1223 1310 1297 nobis,

171 1339 214 1403 et,
235 1332 319 1391 vetet
331 1328 510 1408 mysterium
527 1332 744 1391 commendem
757 1327 955 1391 admirabilis
969 1327 1202 1390 incarnationis
1219 1347 1309 1402 suae,

173 1449 285 1492 uomere
298 1431 354 1491 boe
368 1429 491 1510 saepius
512 1429 640 1492 nuribus
661 1429 777 1492 nostris
791 1429 937 1492 insinuet
951 1427 1004 1509 (l).
1020 1429 1124 1493 Nemo
1144 1448 1208 1492 non
1221 1430 1312 1492 videt

99 1540 102 1549 '
175 1532 258 1593 hane
281 1531 529 1611 appellationem
553 1531 683 1592 nonita
711 1531 781 1592 lieri
807 1528 935 1593 Christo
962 1530 1048 1592 sieut
1075 1529 1208 1592 subinde
1237 1529 1311 1592 aliis

174 1632 367 1711 quibusdam
392 1632 476 1694 laeta
500 1651 538 1694 ea
569 1638 638 1708 est,
660 1631 716 1693 sed
727 1631 891 1711 emphasin
918 1632 1059 1707 habere,
1090 1649 1188 1709 quam
1215 1630 1312 1694 facile

175 1733 304 1808 sentias,
330 1734 386 1794 ubi
413 1732 648 1795 animadvertes
671 1733 716 1794 ita
729 1751 797 1794 sese
827 1730 992 1795 Christum
1022 1732 1186 1812 appellare
1210 1732 1313 1793 alter-

177 1839 253 1895 utra
289 1852 416 1913 sempor
452 1833 633 1910 occasione,
658 1834 852 1913 plerumque
880 1852 982 1912 quum
1003 1833 1109 1895 divina
1136 1832 1204 1906 vel,
1226 1851 1312 1911 quae

152 1974 156 1980 -
177 1939 329 1997 naturam
364 1935 499 1997 bominis
521 1935 692 2011 excedunt,
717 1934 777 1996 sibi
804 1934 963 2009 attribuit,
986 1933 1065 1994 alias
1090 1949 1191 2010 quum
1212 1932 1251 1994 de
1273 1933 1312 1995 iis

176 2035 326 2114 loquitur
347 2055 431 2114 quae
452 2036 520 2116 ipso
543 2036 671 2114 indigna
691 2035 782 2096 nobis
803 2053 882 2097 vero
903 2034 1060 2096 salutaria
1081 2032 1135 2096 vel
1154 2033 1316 2113 perpetie-

177 2138 275 2200 batur
295 2139 359 2199 iam
379 2139 432 2201 vel
452 2155 666 2217 perpessurus
687 2142 767 2198 erat.
791 2134 900 2199 Sicubi
914 2135 1107 2215 verolquod
1129 2141 1235 2197 tamen
1256 2134 1315 2196 vix

177 2234 344 2316 semelt‘ll,
361 2244 455 2317 puto,
471 2234 690 2312 aeeidetlnon
710 2236 817 2298 statim
839 2236 1000 2298 alterutra
1024 2235 1108 2298 ratio
1128 2239 1249 2314 pateat,
1264 2233 1315 2297 le-

179 2341 276 2415 gatur
303 2343 389 2399 totus
413 2334 617 2416 loeus(3),et
644 2355 683 2399 ea
707 2336 859 2398 eoubnuo
880 2336 1012 2416 patebb.

591 2571 903 2626 -οεὸῥμ-

657 2810 796 2876 CAPVT
818 2811 848 2876 ll

300 3042 316 3120 l
350 2963 427 3125 Et
453 3049 510 3124 die
539 3050 645 3124 tertia
673 3050 821 3148 nuptiae
840 3049 957 3124 laetae
978 3061 1062 3125 suot
1081 3051 1116 3124 in
1132 3050 1228 3125 Cana
1249 3049 1324 3125 Ga-

192 3172 331 3248 lilaeae:
361 3188 399 3250 et
426 3189 505 3251 erat
533 3189 650 3251 mater
678 3178 760 3252 lesu
788 3177 850 3250 ibi.

296 3299 321 3376 2
349 3303 508 3380 Vocatus
536 3320 593 3381 est
621 3318 744 3380 autem
773 3318 811 3380 et
840 3306 955 3394 lesus,
984 3319 1023 3381 et
1049 3305 1215 3405 discipuli
1243 3304 1323 3380 eius

192 3432 238 3504 ad
266 3432 425 3530 nuptias.

298 3552 323 3632 3
351 3557 399 3633 Et
425 3560 614 3636 definiente
656 3562 753 3650 vino,
780 3561 868 3638 dieit
894 3573 1013 3637 mater
1040 3562 1124 3637 lesu
1151 3559 1323 3635 adeum:

194 3684 326 3761 Vinum
353 3713 426 3762 non
453 3690 603 3764 habent.

266 3936 305 4001 (1)
330 3939 367 3990 ue
390 3952 516 3991 consensu
536 3954 628 4006 evang.
650 3941 685 3992 11.
707 3941 732 3992 1.

267 4027 302 4098 (2)
320 4032 414 4084 Matth.
435 4032 509 4101 xm,
533 4032 576 4084 37.

267 4121 305 4190 (3)
324 4122 399 4178 Coni.
422 4124 457 4181 ib.
481 4122 526 4180 ⁴1.
