2986 4912
276 369 282 380 .
624 333 726 383 eanvr
750 330 891 380 rrnrrvn
1280 306 1319 381 tl

116 455 123 461 ·
181 443 214 490 v.
237 422 287 490 27.
310 422 572 504 Haudquaquam
586 439 671 484 nunc
685 421 790 500 primo
811 437 845 481 se
866 416 897 480 id
912 416 1032 492 dteere,
1049 415 1105 479 sed
1122 415 1207 496 ipsos
1222 419 1318 479 testes

180 546 251 590 esse
264 532 302 591 ut
315 527 379 588 iam
399 525 565 606 professus
586 522 687 585 inerit
707 541 741 584 se
763 519 892 584 Christe
914 537 982 581 csse
1003 516 1191 580 interiorem
1211 535 1243 580 v.
1264 515 1315 582 28.

181 625 219 688 ld
240 645 320 691 vero
345 645 379 690 se
406 625 488 688 adeo
513 627 578 687 non
602 642 699 704 aegre
729 623 837 696 terre,
868 625 906 683 ut
933 620 998 681 ime
1022 618 1061 681 de
1094 619 1156 682 hoe
1181 620 1320 698 gaudeat

179 747 212 790 v.
238 725 289 792 29.
319 726 367 790 De
388 746 455 807 que
477 726 593 807 gaudio
621 743 681 786 suo
695 728 733 786 ut
753 721 926 802 discipules
944 719 1099 782 certiores
1115 718 1223 797 iaciat,
1244 719 1320 782 suh

180 827 285 907 iungit
305 828 526 908 disparitatem
547 827 632 887 inter
651 844 685 887 se
700 829 733 885 et
747 821 854 884 lesum
870 828 1022 901 oportere
1040 821 1195 882 maiorem
1215 839 1320 900 usque

180 929 320 992 evadere
340 948 372 993 v.
394 925 444 994 30.
466 926 638 992 Concludit
662 926 820 987 rationem
840 923 977 985 alierens
998 923 1095 985 huius
1109 921 1317 1003 disparitatiS,

180 1030 269 1110 qued
297 1029 446 1095 Christus
467 1047 532 1091 nen
556 1029 596 1090 sit
620 1028 658 1089 de
680 1033 781 1100 terra,
807 1026 862 1088 sed
883 1024 922 1087 de
947 1025 1037 1086 caelo
1059 1024 1185 1087 venerit
1210 1042 1242 1087 v.
1264 1021 1317 1103 31,

180 1136 319 1194 noverat
342 1149 420 1210 ergo
448 1130 545 1192 aliam
568 1134 700 1209 praeter
719 1129 895 1211 humanam
922 1129 954 1187 in
983 1123 1111 1188 Christo
1133 1144 1202 1188 esse
1225 1130 1319 1188 natu-

179 1249 262 1309 ram,
273 1250 440 1311 quumque
465 1231 504 1294 de
525 1249 564 1293 eo
585 1234 623 1293 ut
643 1229 683 1290 dc
703 1246 769 1291 uno
784 1246 911 1307 semper
923 1228 1093 1306 loquatur,
1109 1245 1207 1291 unam
1226 1226 1319 1290 dum-

179 1338 271 1395 taxat
298 1330 417 1396 Christi
444 1350 616 1412 persenam
636 1349 700 1393 non
724 1330 887 1409 duplicem
909 1328 949 1389 ab
971 1348 1009 1391 ee
1032 1331 1171 1409 agnitam
1192 1349 1261 1393 esse
1279 1331 1320 1392 li-

178 1438 268 1514 quet.
278 1432 362 1495 -In
377 1451 493 1514 graeca
512 1433 628 1514 pagina
649 1437 697 1496 est
709 1428 761 1499 ἐπι
778 1449 913 1514 παντων,
929 1430 1015 1511 qued
1034 1431 1118 1494 verti
1132 1450 1235 1512 aeque
1249 1439 1320 1512 pot-

178 1543 343 1618 estsuper
369 1555 472 1599 omues
499 1543 532 1600 et
557 1555 650 1618 saper
670 1537 787 1600 omnia.
803 1571 844 1582 -
857 1535 1039 1600 Similitudo
1061 1533 1202 1598 adhibita
1225 1535 1258 1596 in
1283 1554 1314 1599 v.

176 1635 219 1704 29
241 1638 481 1719 interpretanda
502 1645 551 1703 est
571 1639 749 1703 secundum
770 1641 853 1703 ritus
873 1640 1062 1721 nuptiarum
1083 1637 1140 1718 qui
1160 1637 1245 1700 inter
1266 1634 1320 1701 lu-

182 1739 280 1807 daeos
307 1740 503 1804 obtinebant.
527 1738 644 1805 Sensus
664 1741 709 1804 ita
734 1746 799 1804 est:
823 1739 978 1822 Sponsam
1005 1738 1137 1820 quidem
1162 1744 1202 1801 nt
1227 1755 1320 1801 suam

178 1838 300 1902 habere
323 1839 429 1918 deque
449 1840 569 1921 nuptiis
589 1846 756 1919 tamquam
777 1841 817 1903 de
838 1859 874 1903 re
893 1840 1024 1922 propria
1039 1840 1181 1920 gaudere
1201 1839 1320 1902 nemini

181 1939 259 2003 licet
280 1941 341 2004 nisi
365 1960 492 2023 sponse.
515 1941 648 2005 Amicus
669 1948 776 2005 tamen
794 1943 919 2023 sponsi,
944 1941 954 2020 (
974 1941 1019 2004 sic
1040 1940 1242 2004 vocabantur
1265 1959 1321 2022 pa-

181 2043 352 2128 ranymphi
366 2042 400 2123 ),
427 2050 465 2107 ut
484 2061 638 2124 sponsum
658 2044 699 2106 ad
720 2044 900 2108 thalamum
921 2043 1095 2108 comitatus
1115 2048 1179 2121 est,
1202 2043 1322 2124 gaudet

180 2141 221 2205 de
247 2144 355 2224 sponsi
373 2144 517 2222 laetitia,
546 2145 603 2207 ubi
628 2145 714 2207 hunc
742 2144 833 2207 audit
859 2146 945 2207 intro
974 2162 1049 2208 cum
1076 2162 1191 2224 spensa
1219 2144 1321 2207 collo-

178 2250 343 2325 quentem.
359 2244 570 2309 -Vsitatum
591 2252 640 2309 est
667 2247 837 2310 ecclesiam
857 2253 895 2310 ut
915 2244 1035 2310 Christi
1055 2264 1204 2328 sponsam
1229 2245 1320 2309 exhi-

176 2343 272 2423 here,
295 2364 438 2426 quorum
458 2347 590 2428 nuptiae
609 2365 705 2428 saepe
725 2347 758 2409 in
778 2345 874 2411 Novo
895 2344 1100 2411 Testamente
1125 2365 1319 2410 commemo-

176 2453 268 2510 ratae
287 2448 333 2509 nil
352 2448 441 2511 aliud
462 2455 538 2511 sunt
558 2467 657 2528 quam
677 2450 845 2512 hominum
870 2449 911 2511 ad
938 2446 1105 2513 Christum
1132 2449 1314 2513 adiunctio.

175 2545 268 2611 Hanc
288 2548 545 2626 adiunctionem,
567 2550 687 2630 inqua
708 2549 851 2631 Baptista
875 2553 1134 2635 paranymphum
1155 2551 1313 2632 quodam·

176 2648 274 2713 modo
296 2655 422 2729 egerat,
444 2650 509 2712 iam
530 2651 601 2713 fieri
621 2657 769 2732 coeptam
790 2652 888 2714 huius
909 2651 1058 2733 discipuli
1077 2650 1137 2733 ipsi
1158 2652 1312 2732 magistro

177 2757 305 2816 tantum
324 2772 389 2817 non
408 2755 607 2836 indignantes
627 2754 815 2817 narrahant.
832 2753 862 2817 Is
876 2774 954 2835 ergo
968 2755 1042 2819 illes
1060 2755 1240 2835 redarguit,
1256 2755 1313 2818 do-

175 2861 293 2936 cetque
313 2861 363 2935 ut,
386 2873 470 2937 quae
491 2875 543 2920 res
564 2875 619 2919 eos
640 2857 789 2936 angebat,
812 2855 926 2918 eadem
946 2856 1053 2936 ipsum
1068 2855 1185 2935 gaudio
1206 2857 1312 2922 affice-

173 2962 238 3034 ret,
261 2957 380 3038 quippe
402 2974 466 3038 qua
487 2957 587 3038 ipsius
608 2962 684 3019 vota
704 2953 1125 3039 explerentur—Attente
1144 2964 1183 3020 nt
1202 2955 1311 3039 Bapti-

177 3063 228 3122 sta
248 3059 430 3122 testimenia
450 3077 510 3121 sua
531 3059 570 3121 de
591 3056 721 3122 Christo
742 3058 916 3121 concludat
939 3064 1051 3138 aperte
1078 3066 1176 3141 atque
1196 3065 1315 3131 iterato

175 3161 364 3226 affirmando
387 3160 552 3227 Christum
577 3161 617 3223 de
643 3164 734 3225 caelo
754 3162 890 3226 venisse.

256 3285 288 3328 v.
309 3262 360 3329 32.
381 3263 470 3327 Haec
491 3270 525 3326 et
543 3283 628 3344 quae
658 3270 842 3344 sequuntur
873 3284 979 3345 usque
1000 3269 1040 3331 ad
1062 3270 1157 3334 tinem
1184 3277 1312 3356 capitis,

171 3382 239 3426 non
259 3363 422 3444 Baptistae
442 3365 497 3427 sed
521 3364 737 3444 evangelistae
751 3366 851 3428 verba
866 3372 952 3443 sunt,
970 3369 1058 3446 quod
1073 3372 1245 3455 multiplici
1259 3396 1312 3440 ar-

174 3472 329 3546 gumente
350 3466 531 3529 coniicitur.
555 3465 665 3529 Primo
687 3467 754 3547 ipsa
776 3468 894 3531 herum
923 3471 1074 3534 materies
1102 3479 1201 3554 atque
1231 3479 1313 3544 adeo

171 3567 297 3646 primae
317 3567 405 3646 ipsae
426 3567 660 3630 enuntiationes
680 3585 744 3630 non
764 3569 927 3649 pertinent
946 3571 987 3632 ad
1008 3590 1080 3634 eam
1100 3592 1169 3636 rem
1189 3577 1228 3639 de
1249 3598 1315 3658 qua

171 3663 315 3747 Baptista
338 3685 413 3729 cum
434 3667 600 3748 discipulis
620 3668 830 3746 loquebatur.
853 3668 1018 3749 Secundo,
1040 3673 1067 3735 si
1088 3676 1186 3738 huius
1208 3687 1314 3744 essent

173 3767 276 3830 verba
291 3766 499 3830 testimonium
520 3766 587 3829 eius
607 3787 696 3830 neme
710 3768 840 3849 occipit,
859 3773 939 3835 haec
954 3773 993 3835 de
1014 3771 1144 3839 Christo
1159 3777 1244 3841 dicta
1264 3801 1314 3844 es-

169 3872 254 3946 sent3
277 3867 332 3929 sed
354 3868 434 3930 haec
449 3867 488 3930 de
503 3865 632 3931 Christo
647 3887 725 3933 vere
744 3870 808 3933 dici
825 3873 1013 3953 nequibant,
1030 3881 1128 3954 atque
1147 3896 1313 3959 unaquae-

170 3984 236 4047 que
258 3965 327 4029 fere
348 3967 464 4048 pagina
485 3968 538 4032 vel
559 3967 657 4031 huius
678 3969 836 4050 evangelii
850 3972 1050 4037 contrarium
1070 3976 1176 4054 decet,
1197 3978 1230 4040 in
1244 3999 1310 4059 quo

171 4085 270 4148 saepe
290 4068 508 4148 ingeminatur
528 4068 610 4131 illud
627 4070 741 4132 multos
762 4069 927 4135 credidisse
947 4071 984 4135 ie
1009 4072 1174 4140 Christum.
1200 4076 1310 4145 Tertio

173 4173 212 4236 de
234 4172 364 4240 Christe
386 4171 471 4237 dieta
494 4173 571 4238 item
586 4181 691 4240 essent
706 4181 879 4258 quaesunt
899 4177 931 4241 in
947 4196 999 4246 vv-
1013 4176 1063 4245 33.
1082 4179 1140 4261 34,
1157 4184 1312 4265 sed‘quae
