2986 4912
285 343 347 410 182
627 361 657 408 m
679 359 816 408 rosnnsu
837 348 1085 407 cossnnrnnnu

285 445 425 526 propriis
446 445 553 508 verbis
574 462 612 507 ea
632 463 717 524 quae
738 445 787 506 bis
807 434 985 509 verborum
1007 443 1283 506 immutationibus
1304 440 1421 522 signiti-

288 552 464 624 carentur,
495 545 623 609 fructus
654 546 785 627 inquam
816 546 1048 609 coniunctionis
1079 563 1155 608 cum
1186 542 1329 606 Christo.
1353 539 1421 605 Cur

288 666 368 730 ergo
387 668 452 713 non
472 649 553 712 tales
574 649 701 711 tructus
732 645 880 711 Christus
910 648 1089 728 promittit,
1111 646 1186 723 sed,
1208 646 1421 726 quodcumque

287 750 464 825 volueritis,
484 752 600 832 inquit,
622 749 747 831 petetis,
770 759 798 811 et
816 751 868 831 fiet
887 744 1011 839 vobis?⁴
1024 747 1109 825 Quia
1129 767 1189 812 nec
1208 748 1270 810 nlli
1290 747 1421 808 tructus

288 858 393 917 essent
412 852 560 934 sperandi
574 871 670 933 prece
690 871 756 913 non
776 850 929 926 adbibita,
945 856 979 913 et
992 855 1082 912 certo
1104 851 1165 911 hac
1185 847 1329 910 adhibita
1348 864 1423 926 per·

289 954 436 1035 cipiendi.
459 953 623 1017 Nimirum
637 951 785 1016 Cbristus
799 952 831 1013 id
847 951 923 1014 iecit
942 951 1031 1031 quod
1051 951 1185 1013 subinde
1206 951 1344 1025 solebat,
1366 956 1418 1026 ut,

286 1075 349 1118 non
369 1056 471 1137 ipsam
491 1074 573 1131 rem,
589 1055 645 1116 sed
659 1054 712 1117 vel
727 1052 774 1115 rei
788 1070 936 1115 caussam
957 1052 1193 1130 rationemque,
1209 1051 1262 1114 vel
1282 1049 1420 1113 effeetus

285 1167 318 1219 et
337 1155 549 1232 consectaria,
571 1155 749 1230 salviam,
772 1173 836 1233 qna
858 1153 931 1232 quis
952 1152 992 1214 ad
1013 1171 1086 1214 eam
1109 1153 1295 1233 perveniat,
1319 1168 1421 1214 enun-

284 1260 391 1321 tiaret.

355 1379 387 1421 v.
410 1357 440 1422 8.
464 1357 552 1422 Hace
566 1357 739 1420 dictasunt
758 1355 836 1426 καθ’
860 1351 894 1425 ἓν
916 1353 974 1425 δια
996 1352 1097 1444 duom,
1117 1374 1295 1437 sensusque
1309 1355 1337 1417 is
1354 1359 1414 1415 est:

282 1460 323 1523 1η
344 1461 400 1522 hoe
420 1461 614 1542 clarificatus
635 1472 678 1524 est
700 1472 794 1542 poter
812 1482 910 1537 meus,
931 1472 968 1524 ut
985 1464 1125 1544 fructum
1148 1458 1325 1541 plurimum
1346 1459 1419 1540 affe-

281 1564 380 1623 rendo
411 1561 590 1642 efficiamini
616 1562 677 1624 mei
703 1562 854 1643 discipuli
856 1583 873 1637 ;
892 1547 999 1643 neque
1019 1563 1104 1625 enim
1133 1562 1250 1636 aliter,
1272 1567 1374 1638 q'uam
1394 1558 1421 1620 si

283 1681 345 1743 pro
365 1682 516 1725 mensura
541 1663 667 1726 divinae
687 1666 756 1745 opis
776 1665 837 1727 sibi
857 1665 996 1727 collatae
1025 1665 1170 1726 fructum
1184 1662 1280 1738 ierat,
1296 1658 1419 1724 Christi

282 1764 460 1844 discipulus
480 1784 550 1828 esse
571 1767 744 1846 quisquam
764 1772 880 1846 potest.
903 1764 1024 1828 Conier
1043 1784 1074 1827 v.
1094 1762 1125 1828 2.

363 1864 539 1928 Hominum
553 1873 586 1929 et
599 1865 732 1940 Gbristi,
754 1872 920 1947 tamquam
941 1868 1112 1948 palmitum
1130 1871 1163 1929 ct
1175 1864 1262 1942 vitis,
1283 1863 1419 1926 coniun-

283 1968 359 2045 ctio,
382 1969 422 2032 de
442 1988 507 2050 qua
528 1972 652 2033 dictum
672 1978 721 2034 est
733 1971 766 2032 in
778 1972 884 2050 prima
905 1972 1003 2035 buius
1025 1971 1137 2052 capitis
1157 1976 1262 2052 parte,
1279 1969 1417 2033 caritate

281 2071 475 2133 continetur.
499 2071 582 2134 Hinc
609 2073 763 2135 transitus
784 2073 825 2134 ad
846 2073 983 2134 alteram
1014 2078 1140 2153 partem
1160 2091 1214 2135 vv.
1244 2068 1291 2136 9-
1304 2067 1359 2147 17,
1385 2069 1418 2131 in

281 2189 347 2250 qua
367 2178 416 2234 est
436 2173 475 2235 de
496 2174 644 2249 caritate,
660 2174 766 2253 primo
786 2192 851 2253 qua
871 2171 978 2237 Deum
999 2179 1032 2236 ct
1052 2172 1218 2237 Christum
1233 2190 1287 2236 vv.
1303 2167 1415 2247 9-11,

281 2273 395 2337 deinde
416 2293 481 2354 qua
502 2274 562 2355 ipsi
582 2275 719 2337 invicem
741 2293 794 2337 vv.
818 2272 938 2339 12-17
959 2292 1117 2337 amamus.

360 2395 392 2439 v.
413 2373 443 2439 9.
467 2374 578 2438 Primo
592 2394 705 2439 caussa
727 2375 865 2439 affertur
885 2375 1037 2456 diligendi
1054 2372 1233 2451 Christum,
1249 2393 1336 2454 quae
1349 2392 1418 2437 ma-

281 2477 369 2539 xime
388 2495 446 2539 nos
467 2482 595 2556 urgeat,
610 2475 761 2557 quoniam
776 2474 840 2556 ipse
855 2475 949 2556 prior
969 2473 1083 2537 ditescit
1103 2494 1160 2537 noe
1181 2474 1237 2556 (1),
1252 2474 1353 2556 idque
1372 2475 1418 2538 ita

281 2583 320 2638 ut
339 2596 414 2640 eum
436 2587 529 2658 pater
549 2577 673 2639 dilexit.
697 2576 758 2639 Rei
779 2595 892 2639 caussa
913 2576 1077 2657 proposita
1100 2595 1151 2639 res
1171 2576 1238 2657 ipsa
1259 2575 1420 2656 praecipi-

281 2687 349 2744 tur:
371 2677 497 2746 Menete
517 2678 553 2740 io
574 2677 739 2740 dilectione
758 2697 837 2741 mea.
859 2678 968 2743 Multo
998 2681 1073 2760 plus
1094 2685 1143 2742 est
1164 2695 1290 2743 uanunu
1312 2676 1351 2740 in
1371 2676 1420 2739 di·

280 2780 411 2843 tecte'ooe
432 2800 530 2861 quam
549 2779 689 2860 diliqere.

354 2902 386 2943 v.
403 2877 452 2947 10.
470 2880 542 2957 Qua
564 2882 689 2943 ratione
710 2885 743 2943 ct
764 2880 803 2942 ad
826 2882 914 2960 quod
928 2882 1114 2963 exemplum
1133 2880 1166 2943 id
1186 2879 1418 2962 praestandum

281 2982 369 3064 quod
390 2981 602 3063 praecipitur.
614 3014 655 3025 —
668 2977 800 3043 Servavi
821 2990 849 3043 et
868 3000 978 3043 moneo
999 2999 1059 3063 pro
1080 2982 1233 3043 servando
1253 2999 1375 3043 maneo.

360 3103 391 3146 v.
414 3077 464 3146 11.
490 3079 667 3157 Quorsum.
689 3080 800 3144 Primo
820 3090 856 3142 ut
875 3079 1027 3161 quodiam
1056 3101 1157 3144 meum
1178 3078 1214 3142 in
1243 3079 1332 3142 cobis
1352 3079 1415 3154 sit,

281 3205 396 3266 graece
416 3180 449 3251 ἐν
472 3178 552 3276 ὗμιν
576 3203 669 3276 usto-q
694 3183 731 3245 ic
751 3181 838 3244 vobis
851 3193 990 3258 maneat,
1004 3191 1043 3247 ut
1056 3202 1185 3264 semper
1206 3183 1361 3263 gaudium
1375 3201 1417 3244 ex

281 3307 393 3352 amore
424 3296 534 3352 vestro
562 3288 749 3370 percipiam.
783 3283 904 3349 Gonier
925 3283 972 3348 Io.
995 3284 1111 3358 XVII,
1135 3282 1186 3349 13.
1213 3281 1363 3348 Secundo
1384 3292 1418 3344 at

280 3389 431 3470 qacdium
451 3400 586 3452 oestrum
599 3388 782 3469 impleatur,
795 3403 870 3447 nam
884 3383 1087 3466 ditiqeotibus
1107 3383 1208 3448 Deum
1227 3382 1337 3448 omnia
1351 3404 1419 3446 eoo-

273 3501 431 3572 peraotur
450 3491 486 3554 in
507 3491 620 3553 bonum
642 3488 696 3570 (2).
996 3496 1000 3504 ’

360 3613 390 3656 v.
412 3590 462 3656 12.
485 3591 703 3671 Praeceptum
723 3590 850 3652 amandi
871 3590 1021 3664 invicem3
1036 3594 1069 3651 et
1082 3588 1197 3651 modus
1218 3607 1285 3668 quo
1306 3588 1417 3650 obser·

280 3694 433 3759 vandum.
452 3693 523 3756 Hoc
537 3697 749 3775 praeceptum
768 3689 917 3755 Christus
934 3691 1076 3771 primum
1098 3690 1243 3752 omnium
1268 3688 1414 3761 dederat,

280 3815 383 3876 quum
403 3802 476 3878 post
496 3813 629 3858 coenam
650 3794 709 3856 hos
730 3812 894 3856 sermones
915 3794 1035 3855 babere
1057 3792 1174 3872 coepit,
1194 3797 1227 3853 et
1247 3807 1365 3850 novum
1386 3789 1416 3849 id

279 3888 503 3979 appellaverat
524 3893 583 3977 (3);
606 3914 691 3958 nunc
723 3913 814 3956 suum
845 3894 929 3957 idem
951 3895 1012 3956 boc
1033 3899 1140 3957 vocat.
1164 3890 1277 3968 Quum
1309 3890 1416 3953 omnia

349 4035 383 4098 (1)
403 4036 413 4084 ι
433 4035 473 4084 10.
493 4034 539 4099 iv,
560 4031 603 4081 ao.

349 4127 385 4192 (b
403 4128 478 4178 nom.
497 4125 571 4183 vrn,
591 4123 636 4175 28.

349 4217 387 4284 (a)
404 4219 441 4269 ιο.
460 4216 535 4283 xrtr,
553 4213 596 4266 st.
