2978 4920
171 325 233 393 166
476 343 506 391 m
528 345 665 412 rosnneu
688 343 936 391 couuunrsmvu

168 429 218 491 his
232 434 375 510 caperet,
389 429 556 510 praedicit.
573 428 661 493 Audi
675 427 836 512 Cyrillum
851 429 931 491 haee
945 433 1172 509 exponentem:
1197 423 1313 490 Nonne

170 538 199 593 et
215 527 310 609 prius
324 529 518 610 clarificatus
539 539 595 602 est,
611 549 681 591 cum
698 528 856 592 miracuta
869 525 1013 610 faceret?
1029 576 1037 592 .
1056 574 1063 590 .
1081 575 1089 590 .
1108 527 1227 590 Tamen
1243 542 1317 588 com

169 627 336 692 summatis
355 627 476 709 pieriae
496 628 533 690 in
555 628 704 709 passione
724 627 788 691 sita
809 638 888 703 erat,
911 647 1006 710 quam
1028 647 1089 709 pro
1110 624 1225 690 mundi
1245 623 1315 686 vita

173 729 349 806 sustinuit,
372 740 401 793 et
420 729 457 792 in
478 751 511 791 eo
532 733 614 813 quod
639 750 698 812 ρον
719 751 749 792 se
769 729 872 811 ipsum
901 727 1140 793 resurrectionis
1170 727 1315 792 omnium

170 835 296 896 modum
309 832 479 895 innovavit
491 878 600 895 .....
601 832 716 895 Factus
737 832 836 913 ipitur
856 832 996 896 obediens
1018 831 1081 895 Deo
1101 853 1139 894 ac
1154 831 1251 913 patri
1265 849 1317 893 us·

172 953 230 1016 que
250 931 293 995 ad
312 941 462 1005 mortem,
483 940 611 994 mortem
632 941 735 993 autem
755 930 879 1004 crucis,
900 931 993 992 iuxta
1014 931 1114 994 Pauli
1132 949 1240 994 uocem
1259 928 1317 1012 (1),

171 1035 422 1113 supereaaltatus
443 1040 487 1092 est
506 1050 616 1093 rursus
634 1030 793 1110 accipiens
813 1050 925 1093 nomen
945 1033 1027 1112 qnod
1046 1039 1091 1094 cst
1109 1049 1204 1112 super
1223 1050 1316 1093 omne

172 1118 294 1215 nomeu.
322 1129 385 1206 Qui
406 1131 489 1194 enim
519 1132 624 1192 nudus
655 1132 744 1193 domo
765 1151 825 1192 csse
841 1131 1038 1210 putabatur,
1059 1117 1166 1212 supra
1187 1132 1316 1195 modum

171 1233 366 1315 piorificatus
385 1233 470 1313 fuit,
491 1253 561 1295 aere
581 1232 666 1295 Deus
686 1242 715 1294 et
733 1232 820 1313 filius
840 1252 873 1294 rc
894 1251 969 1294 cera
989 1231 1049 1295 Dei
1063 1231 1236 1313 proditus.
1256 1278 1265 1295 .
1283 1277 1315 1295 ..

169 1335 236 1399 Vna
264 1334 369 1416 itaque
390 1353 461 1395 cum
486 1331 607 1396 Christo
622 1333 796 1413 clarificato
817 1333 1010 1414 clarificatus
1024 1342 1067 1396 est
1080 1332 1210 1397 omuino
1231 1333 1317 1396 Deus

174 1457 212 1497 uc
228 1444 331 1516 pater.
358 1431 557 1514 Ciarificatus
578 1455 650 1495 vero
671 1445 713 1496 est
727 1433 762 1495 iu
776 1433 843 1514 filio
854 1479 866 1508 ,
884 1481 891 1497 .
911 1480 941 1496 ..
964 1433 1040 1515 quia
1060 1432 1203 1498 innocuit
1224 1434 1317 1497 cuius

151 1536 239 1617 prii
269 1536 310 1598 sit
335 1545 438 1617 pater.
475 1532 739 1609 Quemadmodum
760 1535 844 1598 enim
862 1535 967 1614 pieria
988 1545 1032 1598 est
1050 1535 1118 1616 filio
1138 1538 1235 1598 talem
1261 1537 1317 1598 da·

146 1651 150 1658 ’
174 1638 240 1700 dere
254 1639 423 1698 secundum
443 1646 593 1700 naturam
606 1635 787 1720 penitorum,¹
810 1639 912 1699 codem
932 1639 1021 1699 modo
1041 1656 1146 1699 censeo
1167 1637 1269 1701 ctiam
1281 1638 1318 1701 in

169 1740 275 1822 patris
295 1739 431 1820 pieriam
451 1740 553 1801 cedere
574 1740 655 1820 quod
676 1739 769 1800 tatem
787 1757 826 1799 ea
839 1758 869 1799 ee
882 1738 950 1819 ipso
971 1739 1081 1800 habeat
1098 1737 1211 1819 fitium.
1235 1739 1318 1803 Pro-

169 1853 279 1924 pterea
299 1841 390 1904 dicit:
412 1840 448 1906 Si
467 1840 551 1903 Deus
571 1839 764 1921 clarificatus
785 1840 884 1902 estin
905 1861 952 1916 eo,
974 1850 1003 1903 u
1022 1841 1106 1904 Deus
1125 1840 1319 1924 clarificabit

176 1964 245 2006 cum
265 1943 302 2006 iu
321 1953 414 2006 semet
430 1941 518 2023 ipso;
533 1941 628 2004 simui
642 1941 725 2004 enim
739 1940 933 2022 clarificatus
952 1951 997 2005 est
1010 1952 1104 2024 pater
1118 1963 1178 2024 ρον
1196 1943 1315 2024 pilium,

175 2055 204 2107 et
223 2044 330 2107 statim
350 2043 491 2106 vicissim
503 2043 605 2123 fitium
627 2041 836 2123 clarificavi&
851 2045 894 2106 ad
907 2044 1011 2105 ambos
1031 2043 1115 2107 enim
1130 2063 1190 2125 per
1208 2046 1317 2110 amdcs

175 2145 296 2226 pieriae
315 2164 428 2207 nomen
448 2142 596 2226 pertinet.
620 2144 706 2208 nudi
727 2150 761 2207 et
780 2142 1059 2228 Chrysostomum:
1082 2144 1175 2211 Nunc
1195 2147 1317 2228 clarifi-

176 2257 266 2310 catus
286 2256 330 2308 est
348 2246 436 2327 fitius
449 2243 604 2308 dominis.
621 2291 628 2307 .
644 2292 652 2306 .
668 2290 675 2306 .
697 2243 792 2320 Nam,
808 2247 892 2327 quod
910 2254 1006 2308 morte
1020 2244 1090 2327 quis
1102 2254 1233 2311 mortem
1246 2247 1318 2311 oin·

176 2355 241 2422 cat,
262 2345 367 2427 pioria
387 2356 431 2408 cst
449 2366 587 2426 mapna.
602 2390 610 2406 .
624 2392 631 2407 .
646 2394 653 2410 .
670 2344 755 2407 Deus
775 2344 962 2426 clarificabit
982 2366 1051 2410 eum
1071 2347 1107 2409 in
1127 2359 1220 2411 semet
1232 2347 1315 2430 ipso,

177 2447 234 2509 doc
255 2456 299 2509 est
313 2445 545 2527 perseipsum,
567 2464 633 2507 non
649 2443 840 2524 puralium
855 2446 1004 2509 utstatim
1024 2445 1213 2528 clarificabit
1234 2468 1315 2524 eum,

108 2561 112 2567 ·
179 2548 236 2608 dcc
256 2555 301 2608 cst
320 2565 387 2608 uua
407 2564 478 2608 cum
498 2565 598 2608 eruce.
622 2544 694 2611 Non
719 2555 791 2625 post
812 2547 940 2627 tonpum
968 2557 1099 2628 tempus,
1119 2547 1241 2632 inquit,
1263 2569 1317 2613 uec

179 2647 236 2711 diu
250 2657 323 2729 post
341 2646 599 2711 resurrectionem
612 2645 705 2709 iilum
718 2648 824 2709 reddet
843 2649 1052 2729 splendidum,
1067 2652 1120 2711 scd
1139 2649 1262 2725 statim,
1283 2650 1317 2714 iu

177 2749 247 2830 ipsa
268 2769 382 2822 cruce,
404 2749 589 2829 conspicuae
609 2769 658 2813 res
679 2751 949 2828 apparebunt;sol
973 2771 1106 2834 namqsu
1133 2753 1317 2818 obscuratus

178 2861 244 2921 cst,
266 2861 295 2913 et
315 2861 425 2914 cetera.
440 2885 481 2896 --
494 2850 695 2933 Praepositio
716 2847 749 2918 ἐν
770 2850 806 2912 in
826 2860 935 2934 potest
960 2854 1090 2933 quidem
1121 2854 1226 2934 posita
1250 2874 1316 2918 esse

179 2971 327 3034 proper,
351 2954 435 3017 sicut
455 2973 526 3015 eam
548 2953 692 3038 Cyrillus
714 2962 746 3018 et
767 2954 1019 3040 Chrysostomus
1045 2956 1313 3036 interpretantur,

181 3072 276 3134 saepe
297 3055 382 3115 euim
403 3055 486 3116 haue
505 3055 769 3135 significationem
790 3075 828 3118 ea
849 3055 981 3118 exhibet
1001 3056 1034 3116 in
1054 3056 1117 3119 hoe
1135 3056 1313 3136 evangelio,

180 3156 278 3234 inque
299 3156 369 3218 aliis
391 3154 476 3220 Novi
497 3154 693 3220 Testamenti
713 3159 824 3233 libris,
847 3157 903 3220 sed
926 3157 1011 3220 iorte
1033 3158 1149 3220 melius
1171 3176 1246 3219 eam
1267 3177 1316 3220 ee·

181 3259 280 3338 cipias
301 3265 339 3322 ut
361 3278 446 3339 quae
466 3278 559 3321 suam
589 3261 649 3323 sibi
679 3261 846 3341 propriam
867 3260 933 3323 vim
953 3260 986 3320 in
1006 3261 1069 3322 hoa
1089 3278 1222 3340 quoque
1244 3261 1315 3324 loco

182 3368 302 3437 servet,
324 3361 544 3441 significetque
565 3362 665 3441 patris
687 3361 823 3441 gloriam
844 3361 964 3423 iutilia
985 3380 1054 3424 esse
1076 3368 1108 3423 et
1129 3361 1186 3422 tilii
1208 3362 1242 3423 in
1264 3381 1315 3443 pa·

181 3451 254 3535 tre,
277 3467 390 3541 utpote
421 3479 519 3523 unam
549 3481 687 3526 numero
719 3469 816 3543 atque
848 3463 1015 3537 eamdem,
1038 3463 1136 3542 idque
1156 3464 1200 3524 ob
1219 3481 1316 3526 unam

181 3561 354 3640 utriusque
375 3566 548 3639 naturam3
566 3563 719 3642 ¹hancque
739 3562 1038 3643 interpretationem
1053 3561 1137 3623 illud
1156 3559 1194 3622 in
1213 3570 1317 3624 semet·

183 3659 251 3740 ipso
271 3661 440 3741 praeferre
461 3662 585 3724 suadet.

262 3758 372 3835 Quum
394 3761 558 3842 discipulis
579 3763 764 3844 proximam
786 3769 925 3825 mortem
946 3781 1039 3825 suam
1065 3760 1214 3826 Christus
1241 3781 1319 3826 nun·

184 3861 305 3932 flasset,
328 3862 391 3922 iam
412 3861 443 3921 id
466 3862 531 3940 agit
552 3882 605 3925 vv.
621 3860 661 3926 33
675 3859 777 3942 seqq.;
800 3860 875 3924 xlv
889 3860 1003 3938 -XVI,
1021 3863 1108 3941 qnod
1124 3868 1218 3942 pater
1239 3863 1319 3923 tilio·

185 3981 260 4023 rum
281 3981 390 4024 amans
411 3964 516 4040 solet,
539 3972 577 4025 ut
597 3983 748 4044 suprema
779 3964 928 4025 mandata
951 3963 1000 4025 his
1021 3964 1075 4025 det
1095 3965 1319 4044 supremisque

254 4186 293 4257 (1)
312 4189 420 4254 ensrspp.
439 4189 475 4257 u,
493 4189 519 4237 s.
