2986 4912
487 265 589 318 cnrvr
611 265 764 326 ornarunt
1179 242 1219 326 45

76 363 211 437 bantur
240 362 325 461 quia
362 369 444 437 oum
482 357 634 436 muliere
661 357 889 458 loquebatur.
928 355 1042 434 Nemo
1084 371 1211 438 tamen

78 489 184 564 dixit:
213 487 307 582 Quid
334 490 493 590 quaeris,
521 502 585 564 aut
611 490 698 588 quid
724 488 883 589 loqueris
911 505 995 564 cum
1023 487 1098 565 ea?

185 613 239 695 28
265 619 428 719 Reliquit
454 642 541 717 ergo
568 618 738 716 hydriam
766 641 870 693 suam
898 618 1042 707 mulier,
1057 632 1096 695 et
1123 619 1213 696 abiit
1321 692 1329 708 ,

79 749 118 822 in
145 748 347 835 civitatem,
375 760 413 822 et
439 747 528 822 dicit
555 747 627 820 illis
655 747 875 821 hominibus.

186 868 240 951 29
269 872 421 962 Venite,
448 887 487 950 et
514 874 635 949 videte
669 874 879 961 hominem,
906 874 968 973 qui
995 873 1088 950 dixit
1123 877 1214 951 mihi

81 1002 204 1077 omnia
231 1025 480 1101 quaecumque
508 1002 598 1077 feci:
628 1004 804 1100 numquid
831 1002 910 1100 ipse
939 1014 997 1077 cst
1014 1002 1215 1079 Christus?

190 1125 241 1206 30
257 1130 437 1207 Exierunt
451 1155 537 1230 crgo
552 1132 597 1206 dc
615 1133 779 1218 civitate,
794 1145 833 1207 et
847 1132 1044 1207 veniebant
1053 1132 1098 1206 ed
1116 1155 1214 1207 eum.

190 1253 238 1335 31
270 1260 412 1337 interea
440 1260 617 1358 rogabant
635 1283 720 1335 eum
734 1258 902 1359 discipuli
920 1260 1096 1336 dicentes:
1112 1260 1213 1336 Rab-

84 1385 136 1473 bi,
164 1388 355 1462 manduca.

191 1509 242 1589 32
270 1515 336 1590 llle
363 1529 487 1592 auteur
515 1517 604 1592 dicit
624 1516 699 1590 eis:
728 1514 806 1615 Ego
835 1516 958 1591 eibum
975 1516 1095 1594 habeo
1114 1541 1220 1593 man-

83 1643 231 1730 ducare,
257 1667 367 1742 quem
395 1668 461 1719 vos
488 1645 652 1720 nescitis.

152 1752 155 1758 ¹
192 1765 243 1847 33
271 1770 449 1846 Dicebant
476 1796 562 1871 ergo
581 1771 749 1871 discipuli
777 1771 820 1846 ad
841 1771 1017 1847 invicem:
1037 1771 1219 1874 Numquid

87 1897 217 1998 aliquis
244 1898 369 1975 attulit
395 1899 428 1975 ei
456 1895 709 1974 manducare?

193 2021 246 2102 bt
273 2027 370 2103 Dicit
397 2027 451 2103 eis
478 2027 593 2102 lesus:
622 2025 725 2102 Meus
752 2026 855 2102 cibus
875 2038 933 2103 est
956 2039 998 2102 ut
1016 2026 1223 2105 faciamve

86 2155 268 2232 luntatem
294 2155 387 2244 eius,
415 2156 477 2256 qui
504 2156 606 2231 misit
633 2180 706 2243 me,
734 2170 776 2232 ut
806 2157 992 2255 perficiam
1016 2181 1108 2255 opus
1127 2154 1221 2232 eius.

195 2278 247 2360 35
275 2283 401 2360 Nonne
428 2309 495 2360 vos
513 2284 648 2372 dicitis,
668 2285 765 2383 quod
793 2286 911 2360 adhuc
938 2298 1111 2384 quattuor
1125 2308 1223 2361 men·

89 2400 150 2488 ses
178 2425 281 2501 sunt,
308 2426 348 2488 et
375 2414 506 2490 messis
534 2410 672 2490 venit?
699 2413 795 2490 Eece
822 2414 903 2488 dico
931 2412 1055 2488 vobis:
1085 2412 1222 2490 Levate

89 2540 215 2616 oculos
241 2554 399 2629 vestrm,
427 2555 466 2616 et
493 2541 614 2617 vidote
643 2540 839 2640 regioneS,
867 2541 953 2640 quia
994 2541 1099 2616 albae
1136 2552 1223 2618 sunt

90 2669 164 2743 iarn
192 2670 239 2743 ud
265 2693 438 2746 messem.

197 2790 249 2872 36
276 2796 326 2873 Et
352 2799 414 2895 qui
440 2799 562 2886 metit,
589 2800 796 2874 mercedem
824 2799 978 2897 accipit,
1007 2812 1045 2873 et
1074 2822 1225 2896 congre-

90 2937 155 3023 gat
182 2925 341 3002 fructum
368 2927 406 3001 in
434 2928 550 3002 vitam
578 2941 794 3003 aeternam:
823 2939 878 3013 ut,
902 2940 941 3002 et
969 2926 1032 3026 qui
1051 2926 1223 3012 seminat,

92 3052 203 3128 simul
230 3055 400 3152 gaudeat,
429 3070 467 3132 ct
494 3057 557 3156 qui
584 3057 705 3131 metit.

199 3175 319 3258 371n
347 3185 417 3259 hoc
444 3185 542 3259 enim
569 3197 627 3259 est
654 3183 807 3261 verbum
837 3206 977 3259 rerum:
1006 3184 1092 3282 quia
1134 3182 1227 3259 alius

88 3311 237 3409 estqui
264 3313 435 3399 seminat,
463 3325 502 3386 et
529 3311 622 3386 alius
649 3311 796 3409 estqui
824 3311 944 3385 metit.

199 3432 252 3514 38
279 3438 356 3538 Ego
384 3439 467 3514 misi
486 3463 551 3514 vos
571 3452 708 3516 metere
728 3439 824 3538 quod
838 3463 905 3514 vos
920 3462 991 3513 non
1011 3439 1222 3514 laborastis:

92 3565 155 3640 alii
181 3565 453 3654 laboraverunt,
474 3579 513 3643 et
539 3591 605 3642 vos
629 3568 665 3641 in
692 3567 838 3658 labores
869 3591 995 3643 eorum
1034 3567 1227 3642 introistis.

201 3688 254 3769 33
281 3694 338 3769 Ex
366 3696 514 3772 civitate
542 3709 667 3771 autem
695 3696 756 3769 illa
785 3696 894 3772 multi
921 3696 1152 3772 crediderunt
1193 3698 1230 3770 in

95 3845 181 3898 eum
207 3821 536 3912 Samaritanorum,
563 3835 715 3923 propter
742 3823 896 3898 verbum
924 3823 1088 3898 mulieris
1120 3824 1230 3898 testi-

93 3951 259 4027 monium
287 3952 531 4052 perhibentis:
552 3949 644 4042 Quia
659 3951 753 4028 dixit
777 3952 866 4028 mihi
889 3952 1010 4027 omnia
1029 3975 1231 4050 quaecum-

97 4102 167 4175 que
197 4078 279 4154 leci.
