2986 4912
587 310 855 360 mmmmm
1256 295 1314 367 m

172 397 254 460 andi
274 397 414 481 Paulum
436 396 467 458 id
488 402 705 461 enarrantem:
728 397 772 459 Et
791 415 862 459 eum
881 396 995 459 iterum
1008 397 1183 461 introducit
1191 398 1311 479 primo-

171 498 314 578 penitam
333 498 370 559 ira
390 499 491 560 orbem
511 507 624 572 terrae,
647 499 751 561 tilium
771 499 904 579 inquam
933 496 1040 563 Deum
1072 499 1234 565 hominem
1265 502 1312 566 la·

172 607 278 678 otum,
301 597 392 661 dieite
413 599 456 662 Et
476 601 608 662 adorent
627 617 696 661 eum
716 617 820 661 omnes
840 598 947 679 ampeli
967 598 1033 662 eius
1055 597 1109 679 tl).

256 698 321 776 Qni
341 701 453 780 aliquo
472 701 627 776 mittitur,
643 700 773 762 aliunde
794 701 945 763 mittitur.
962 698 1024 764 Sed
1038 707 1132 782 pater
1146 698 1312 768 Christum

173 799 264 863 misit
282 800 320 862 ia
339 803 508 874 mundum
530 801 660 864 aliunde
681 819 758 882 ergo
779 802 875 864 misit.
895 800 928 864 Si
949 802 1091 880 aliunde,
1107 803 1171 867 iam
1192 801 1313 868 Christi

174 921 314 983 persona
329 945 339 979 ‚
356 901 460 984 (haee
481 903 564 965 enim
586 903 747 980 mittitur,
770 921 834 964 non
850 908 972 965 natura
987 901 1024 982 l,
1052 904 1138 966 sicut
1157 905 1225 985 ipse
1246 924 1309 968 non

173 1005 277 1066 semel
296 1003 461 1084 professus
482 1002 606 1085 estffl),
623 1009 749 1066 nonest
770 1005 806 1064 de
826 1004 883 1065 leae
896 1005 1023 1065 mundo.
1041 1001 1103 1066 Cui
1117 1016 1311 1084 argumento

175 1122 217 1167 ne
238 1105 316 1184 quid
336 1123 499 1186 opponere
520 1112 634 1182 tentes,
656 1105 739 1167 illud
761 1106 994 1182 animadverte,
1017 1106 1117 1184 qnod,
1133 1106 1219 1170 sieut
1239 1105 1315 1168 mis·

175 1223 232 1265 ares
252 1223 313 1266 esse
333 1212 366 1268 et
385 1205 504 1268 venisse
523 1204 560 1267 ia
580 1208 731 1268 mundum
752 1204 900 1270 Christus
921 1207 1042 1270 dieitur
1056 1225 1155 1285 quam
1169 1208 1315 1287 saepissi-

178 1325 244 1384 me,
260 1309 308 1368 ita
318 1308 375 1371 vix
388 1326 534 1387 unquam
547 1308 643 1384 alins,
656 1327 762 1387 neque
777 1308 873 1369 aliter
891 1326 990 1386 quam
1005 1308 1096 1370 verbi
1117 1309 1315 1372 immutatio-

177 1427 233 1486 ne,
254 1411 345 1491 isque
367 1411 537 1473 dumtaxat
560 1411 617 1492 qui
642 1409 773 1472 aliunde
794 1410 951 1489 originem
975 1409 1127 1472 habuisse
1151 1416 1312 1474 censetur.

179 1510 279 1587 Quod
293 1513 377 1574 enim
391 1513 424 1574 in
439 1500 486 1575 lo.
503 1511 531 1589 l,
547 1509 567 1577 9
581 1512 779 1592 exemplaria
794 1512 892 1573 latina
908 1510 1041 1574 habent:
1059 1511 1141 1573 Erat
1155 1513 1213 1572 lux
1227 1531 1315 1585 varo,

177 1631 260 1694 quae
280 1610 446 1674 illuminat
465 1631 585 1674 omnem
599 1610 752 1674 hominem
767 1610 940 1673 venientem
955 1611 991 1674 ia
1005 1611 1089 1674 heae
1107 1613 1269 1688 mundum,
1285 1612 1317 1673 id

179 1733 201 1776 e
223 1714 346 1794 graecis
366 1713 414 1776 sio
433 1715 519 1778 verti
538 1718 662 1795 potest:
680 1712 762 1775 Erat
782 1714 840 1774 lux
859 1731 948 1785 vera,
971 1730 1051 1792 quae
1071 1711 1235 1775 illuminat
1255 1732 1318 1774 om-

181 1833 255 1876 nem
274 1812 448 1889 hominem,
468 1812 597 1875 veniens
617 1811 653 1874 in
672 1813 756 1875 lenc
775 1814 950 1886 mundum,
972 1814 1041 1894 ipsa
1061 1815 1123 1876 lux
1152 1813 1302 1877 videlicet
1312 1835 1323 1893 3

181 1917 277 1996 isque
296 1933 409 1979 sensns
430 1915 527 1978 alteri
546 1920 691 1996 praestat
715 1914 855 1977 omnino.
878 1913 970 1977 Vnus
1000 1913 1206 1976 solummodo
1226 1915 1320 1978 locus

179 2016 285 2080 estin
305 2036 372 2096 quo
394 2012 542 2080 Christus
562 2016 609 2080 ita
630 2035 705 2080 enm
724 2021 818 2098 patre
838 2015 988 2095 loquitur
1010 2014 1049 2077 de
1070 2013 1252 2094 discipulis:
1270 2012 1320 2078 Si·

183 2124 240 2179 eut
260 2126 294 2179 tre
314 2137 361 2180 me
381 2115 498 2180 misisti
516 2116 554 2179 ire
573 2117 742 2190 meadum,
757 2124 787 2177 et
800 2134 854 2195 epo
874 2112 949 2177 misi
969 2133 1018 2176 eos
1038 2111 1074 2176 ira
1094 2114 1245 2178 mundum
1261 2111 1319 2194 (3);

183 2219 241 2282 sed
263 2215 394 2300 quiade
415 2219 464 2282 his
485 2220 561 2300 ipsis
575 2219 725 2301 proxime
746 2218 875 2281 dixerat
888 2236 943 2280 eos
958 2218 994 2277 de
1014 2216 1130 2277 mundo
1151 2233 1216 2276 aaa
1237 2234 1318 2279 esse.

183 2319 246 2384 Dei
267 2321 353 2385 filius
374 2339 393 2384 a
414 2328 508 2404 patre
529 2321 645 2384 missus
677 2328 754 2384 tunc
775 2320 875 2383 luisse
897 2318 1050 2381 dicendus
1071 2323 1131 2394 est,
1149 2336 1250 2396 quum
1272 2317 1322 2378 de-

183 2421 308 2484 seendit
328 2423 364 2482 de
384 2421 496 2496 caelis,
520 2431 549 2484 et
568 2420 758 2484 incarnatus
778 2429 843 2494 est,
866 2429 894 2482 et
913 2420 1003 2481 domo
1029 2421 1133 2498 sactus
1154 2426 1208 2480 est.

268 2522 433 2600 Ceterum,
457 2542 560 2602 quum
581 2521 744 2600 Christus,
761 2527 920 2602 quantum
938 2520 1015 2583 satis
1036 2524 1096 2596 est,
1113 2519 1256 2583 effecerit
1268 2537 1324 2601 ap-

186 2624 396 2705 pellationem
417 2625 475 2686 tilii
494 2623 555 2688 Dei
575 2625 635 2687 sibi
656 2643 734 2689 vere
756 2642 794 2685 ao
814 2623 947 2704 proprie
968 2622 1057 2698 lieri,
1090 2639 1155 2683 non
1186 2627 1235 2685 est
1263 2638 1325 2685 cur

186 2733 371 2805 quaeratur
392 2728 604 2807 quamobrem
625 2746 689 2790 non
709 2726 909 2806 apertissime
934 2723 1197 2804 pronuntiaverit
1223 2743 1257 2786 se
1288 2723 1326 2784 fi-

186 2827 270 2888 lium
291 2825 352 2889 Dei
372 2846 441 2890 esse
463 2822 561 2906 atque
582 2827 664 2889 adeo
683 2824 789 2888 Deum
812 2842 876 2886 non
896 2842 990 2886 secus
1019 2841 1057 2884 ao
1081 2829 1218 2902 patrem.
1243 2819 1327 2887 Con·

186 2934 253 2991 stat
272 2948 347 2991 eum
369 2930 409 2990 ab
431 2946 582 3009 expressa
605 2927 790 2990 huiusmodi
811 2925 1011 3007 professione
1040 2942 1119 2986 snae
1151 2923 1325 2987 divinitatis

187 3031 350 3093 abstinere
371 3031 503 3093 solitum
525 3029 634 3092 fuisse.

181 3118 186 3131 ’
272 3150 324 3194 vv.
345 3129 395 3196 37.
416 3128 466 3196 38.
490 3130 642 3194 Perfecto
663 3137 696 3194 et
717 3130 870 3195 concluso
890 3149 925 3192 se
946 3148 1048 3192 unum
1069 3147 1144 3191 eum
1173 3133 1266 3208 patre
1292 3126 1328 3186 li-

188 3232 338 3311 liumque
358 3229 417 3294 Dei
439 3251 519 3307 osse,
543 3251 612 3294 rem
634 3229 794 3307 Christus
816 3232 901 3293 sieut
921 3229 1012 3303 alias,
1031 3228 1122 3291 laetis
1144 3226 1323 3289 confirmat.

189 3330 312 3396 Conler
333 3331 379 3395 lo.
401 3330 450 3408 V,
471 3330 511 3397 31
534 3339 566 3396 et
585 3334 658 3414 lege
680 3351 763 3413 quae
785 3332 925 3394 diximus
947 3330 986 3392 de
1008 3347 1040 3391 r.
1063 3326 1114 3391 25.
1138 3326 1242 3391 Nemo
1262 3346 1327 3389 non

189 3433 279 3496 videt
298 3452 396 3514 quam
417 3435 457 3496 ab
471 3453 507 3497 re
523 3435 636 3497 luisset
651 3434 727 3496 talia
743 3436 933 3512 argumenta
947 3447 1080 3510 urgere,
1090 3428 1249 3507 siqnidem
1267 3445 1324 3489 no-

188 3537 275 3599 mina
291 3544 415 3617 patrem
436 3542 468 3599 et
487 3535 589 3616 filium
610 3532 757 3599 Christus
779 3539 969 3614 usurpasset
998 3531 1031 3593 in
1066 3548 1195 3592 sensum
1226 3527 1327 3590 alium

191 3658 232 3702 eo
253 3639 309 3719 qui
340 3639 486 3719 ipsorum
516 3639 669 3720 proprius
700 3644 758 3700 est.
773 3669 813 3681 ·-
827 3632 975 3699 Christus
994 3632 1216 3694 demonstrare
1241 3629 1329 3692 insti-

190 3748 302 3805 tuerat
320 3760 351 3802 se
372 3749 400 3802 et
415 3749 540 3820 patrem
560 3758 659 3803 uuum
678 3758 752 3812 esse,
768 3738 836 3814 sed,
857 3755 961 3818 quum
981 3735 1117 3810 faceret,
1140 3731 1188 3792 illi
1209 3748 1328 3812 propo-

264 3951 487 4019 mmmm

265 4041 744 4113 mmmummumm

262 4134 523 4208 mmmmm
