2986 4912
170 301 190 368 8
510 315 540 362 m
564 311 700 359 rainneri
723 309 971 357 conueuramvn

172 403 387 466 conclusionis
394 419 506 464 sensus
515 403 657 478 nequeat
665 415 734 459 esse
745 395 875 476 qualem
890 396 1124 475 acciperemus,
1133 398 1238 478 liquet
1252 401 1318 464 hac

169 503 276 569 Grotii
290 501 556 584 interpretatione
572 498 671 561 Verbi
691 497 914 560 aeternitatem
936 498 968 557 in
988 497 1124 560 dubium
1138 498 1321 564 incertum-

170 625 234 686 que
255 603 416 668 revocari.

251 704 366 784 Itaque
385 709 592 766 autumamus
607 698 758 762 eumdem
772 718 841 761 esse
855 717 985 761 sensum
996 697 1158 763 Geneseos
1172 708 1205 764 et
1217 722 1321 766 eran-

171 807 264 887 gelii,
295 805 471 868 dummodo
493 804 525 864 in
547 801 664 866 Genesi
685 801 767 863 illud
792 799 828 861 ie
844 798 1008 880 principio
1030 820 1093 863 non
1114 804 1207 865 sitin
1228 805 1320 885 regi-

169 910 267 988 mine,
290 907 525 996 regeretenim
546 904 684 967 verbum
705 900 837 976 creavit,
860 903 948 982 qnod
970 922 1073 981 quum
1093 904 1126 964 in
1146 907 1318 986 evangelio

170 1029 234 1073 non
254 1011 307 1085 sit,
330 1009 414 1070 alius
436 1008 522 1069 toret
536 1023 659 1068 sensus.

251 1110 345 1183 Erat,
368 1110 400 1170 in
420 1107 577 1189 principio
593 1105 747 1185 temporis
763 1104 927 1184 videlicet3
941 1124 1020 1186 ergo
1035 1114 1214 1170 aeternum.
1232 1108 1321 1172 Ver-

170 1212 248 1273 bum
263 1208 327 1291 fuit
340 1209 498 1290 potuisset
510 1225 612 1288 prave
627 1205 729 1285 accipi
743 1223 803 1285 pro
818 1225 879 1266 esse
898 1206 1007 1286 coepit.
1032 1205 1116 1288 Lege
1138 1207 1317 1291 Cyrillum,

170 1308 451 1393 Chrysostomum,
472 1306 647 1390 Didymum
669 1303 926 1366 Alexandrinum
943 1303 998 1384 (l),
1013 1305 1169 1370 Basilium
1189 1307 1244 1387 (2).

256 1408 402 1482 Verbum,
425 1407 659 1471 vetustioribus
685 1405 831 1484 patribus
854 1402 978 1479 Sermo,
992 1406 1106 1486 graece
1127 1411 1245 1503 Λογος,
1256 1432 1321 1475 no-

171 1532 245 1575 men
266 1514 305 1575 ab
327 1531 392 1575 uno
414 1509 532 1574 Ioann'e
553 1510 745 1584 adhibitum,
769 1528 835 1586 quo
856 1510 959 1572 altera
981 1510 1087 1574 divina
1102 1532 1239 1594 persona
1260 1519 1321 1581 de-

172 1616 328 1696 signatur.
352 1613 389 1675 Id
409 1618 545 1693 apparet
565 1631 607 1674 ex
628 1630 667 1673 eo
689 1611 777 1689 quod
792 1612 897 1690 primo
913 1617 1001 1674 totus
1016 1615 1128 1694 capitis
1143 1622 1320 1683 contextus

172 1718 217 1779 ita
239 1718 334 1792 ierat,
358 1715 499 1779 secundo
520 1712 666 1775 Verbum
686 1712 775 1776 Deus
791 1732 860 1775 esse
876 1713 1017 1792 dicatur,
1035 1717 1133 1779 tertio
1148 1717 1322 1785 distinctus

172 1819 212 1880 ab
233 1819 298 1880 alio
319 1817 375 1898 qui
395 1816 473 1877 item
492 1812 581 1875 Deus
602 1813 740 1889 dicitur,
765 1819 884 1892 quarto
907 1832 984 1876 caro
1008 1815 1130 1878 tactum
1151 1838 1221 1883 esse
1241 1840 1322 1884 uar-

173 1926 279 1995 retur,
302 1919 415 1998 quinto
435 1917 468 1976 in
488 1919 557 1977 toto
579 1914 746 1993 evangelio
768 1915 830 1976 hoc
858 1915 964 1994 ipsum
995 1914 1141 1980 Verbum
1170 1938 1247 1984 caro
1269 1922 1322 1984 la-

173 2027 263 2083 ctum
272 2039 311 2082 ea
325 2020 427 2101 egisse
441 2018 587 2096 legamus
602 2035 686 2094 quae
696 2013 805 2077 Verbo
820 2013 1316 2110 druaeerarpnonconveniunt.

252 2112 498 2182 Vnde'Ioannes
520 2122 582 2184 hoc
602 2141 719 2184 nomen
740 2122 917 2202 desumpsit
934 2122 967 2181 in
987 2122 1070 2181 hanc
1084 2118 1248 2179 notionem
1263 2136 1320 2179 ac-

175 2214 357 2295 cipiendum
370 2217 386 2282 Ρ
400 2217 500 2283 Aliud
522 2224 652 2303 quidem
674 2230 723 2286 est
744 2242 903 2302 quaerere
925 2222 1010 2283 uude
1026 2238 1133 2299 quave
1148 2217 1320 2280 occasione

174 2316 275 2395 ipsam
303 2338 417 2383 vocem
446 2322 595 2387 didicerit
627 2327 680 2388 cui
709 2345 781 2388 eam
802 2326 966 2388 notionem
995 2322 1192 2397 subiiceret,
1225 2320 1317 2382 aliud

173 2435 348 2494 quamnam
368 2423 531 2485 notionem
552 2425 628 2487 huic
649 2426 835 2503 subiecerit,
859 2425 1011 2504 undeque
1033 2442 1105 2485 eam
1126 2421 1283 2483 didicerit.

256 2518 348 2583 Vnde
356 2522 457 2603 ipsam
473 2544 587 2588 vocem
602 2528 773 2607 acceperit.
792 2527 891 2590 Forte
907 2547 949 2589 ex
968 2525 1088 2589 Vetere
1099 2522 1316 2586 Testamento.

177 2616 289 2682 Potuit
299 2623 384 2683 enim
399 2643 440 2685 ex
452 2625 636 2703 traditione,
657 2646 699 2689 ex
720 2628 865 2690 doctrina
888 2625 1021 2704 Christi,
1044 2645 1085 2687 ex
1106 2623 1318 2703 intelligentia

174 2719 414 2799 scripturarum
424 2724 513 2786 sibia
526 2722 655 2789 Christo
667 2726 922 2805 data(3)discere
937 2727 969 2786 in
984 2726 1096 2805 aliquo
1110 2721 1319 2786 locoVeteris

175 2821 370 2888 Testamenti
382 2827 459 2890 huic
473 2831 546 2893 voci
561 2830 652 2893 illam
661 2833 824 2894 notionem
838 2831 981 2893 subesse.
999 2825 1035 2887 Id
1051 2825 1265 2888 confirmatur
1278 2842 1319 2886 eo

174 2927 262 3005 quod
284 2945 361 2990 mox
376 2928 415 2990 de
426 2928 525 2992 Verbi
537 2934 690 3013 oporibus
707 2933 803 2995 dicat:
817 2929 933 2993 Omnia
940 2948 999 3008 per
1012 2926 1114 3006 ipsum
1122 2929 1210 3006 facte
1223 2934 1319 2997 suum

175 3028 255 3090 haec
275 3028 360 3089 enim
381 3032 576 3112 respondent
594 3035 702 3097 verbis
724 3033 775 3096 Ps.
798 3028 942 3106 xxxll,
966 3027 996 3092 o.
1020 3025 1052 3106 93
1075 3023 1251 3102 CXLVIII,
1275 3021 1318 3102 5,

174 3146 258 3206 quae
279 3134 355 3191 sunt
375 3133 534 3210 quaedam
555 3135 689 3215 parodia
710 3134 867 3196 historiae
889 3130 1074 3206 creationis,
1091 3129 1124 3189 in
1145 3147 1211 3207 qua
1231 3129 1322 3207 inge-

174 3229 317 3291 minatur
337 3231 666 3310 illudD1xerees,.
684 3245 757 3298 ..et
776 3238 896 3316 facturn
917 3241 970 3295 est.
996 3229 1058 3294 Sed
1079 3230 1233 3291 damnare
1254 3247 1320 3291 non

175 3330 279 3391 ausim
300 3349 376 3393 eum
398 3335 455 3412 qui
476 3335 653 3400 affirmaret
680 3339 743 3399 hoc
771 3355 888 3398 nomen
915 3353 934 3396 a
962 3332 1082 3395 Ioanne
1110 3331 1320 3410 desumptum

175 3450 243 3494 esse
265 3450 307 3493 ex
328 3433 479 3496 orientali
500 3438 721 3524 philosophia,
741 3439 773 3497 in
795 3455 860 3516 qua
881 3437 943 3498 hoc
964 3452 1082 3497 nomen
1103 3432 1244 3494 divinam
1266 3431 1321 3493 vel

176 3533 334 3594 rationem
356 3535 409 3596 vel
427 3539 663 3600 emanationem
677 3540 821 3601 sonabat.
839 3536 923 3601 Nam
937 3536 1078 3597 indidem
1093 3533 1173 3595 alias
1187 3551 1321 3611 quoque

177 3653 273 3696 voces
295 3632 430 3698 Ioannes
456 3640 598 3719 accepit,
628 3641 737 3720 pravis
766 3643 910 3721 ipsarum
937 3637 1121 3700 notionibus
1150 3634 1319 3697 correctis.

177 3733 315 3802 Nomina
331 3733 512 3816 asaneus,
539 3760 623 3820 quae
653 3742 727 3804 licta
754 3744 885 3805 numina
907 3741 985 3804 olim
1011 3737 1250 3819 significabant,
1281 3736 1323 3796 ab

182 3968 184 3973 '
248 3969 288 4034 (l)
313 3970 350 4020 De
375 3969 447 4019 TrIn.
471 3967 519 4016 lll.
541 3966 566 4015 3.
588 3965 664 4016 Coos.
690 3967 711 4015 Ι.
734 3964 777 4016 15.

250 4062 289 4127 [2)
313 4063 351 4113 lie
372 4063 467 4112 dirers-
490 4061 561 4110 hom.
580 4057 651 4112 XVI.
673 4059 703 4109 l.

253 4153 292 4222 (3)
313 4155 376 4207 Luc·
401 4154 497 4222 XXIV,
521 4151 564 4204 45.
