2986 4912
172 309 233 377 194
472 311 478 323 '
510 331 541 379 m
560 332 697 380 rossana
719 333 968 381 consecramur

173 413 244 491 puli
268 432 332 476 non
354 413 485 477 inerant
507 417 692 496 assequuti‚
719 419 845 480 tametsi
870 436 935 480 non
962 419 1047 498 ipsas
1071 435 1123 479 res
1145 419 1311 496 enuntiat,

175 514 232 576 sed
257 533 369 578 rerum
393 515 539 593 effectus,
566 517 729 579 tristitiam
752 518 884 598 inquam
909 520 949 580 de
976 519 1076 598 ipsius
1103 518 1197 581 obitu
1219 520 1313 582 laeti-

176 616 318 695 tiamque
346 618 387 680 oh
414 618 515 698 ipsius
544 618 686 681 reditum
716 619 748 679 iu
781 620 900 696 vitam,
929 638 1011 698 quas
1041 619 1091 680 illi
1121 622 1313 700 percepturi

174 723 275 779 erant.
301 714 396 780 Hunc
416 718 515 781 huius
541 737 657 781 versus
680 736 810 780 sensum
835 738 904 783 esse
933 739 984 796 ea,
1007 738 1092 799 quae
1111 726 1312 799 sequuntur,

173 835 299 880 omnem
326 824 478 882 amovent
498 819 741 881 dubitationem.
766 817 862 896 Nam,
885 839 970 900 quae
990 820 1078 897 dicit,
1106 821 1253 900 quodam
1273 823 1315 884 si-

175 919 244 981 mili
268 919 413 982 illustrat
432 920 466 981 in
486 938 518 982 v.
539 917 593 996 21,
616 919 811 999 subiicitque
831 921 864 981 in
887 940 919 983 v.
949 919 991 984 22
1014 922 1111 984 talem
1138 922 1232 984 illam
1258 924 1316 985 tri-

174 1021 294 1083 stitiam
314 1022 471 1100 illamque
494 1020 651 1083 laetitiam
680 1019 822 1101 iuturas;
843 1029 892 1084 ast
915 1022 972 1084 illa
992 1023 1115 1086 laetitia
1136 1029 1314 1105 propterea

175 1122 404 1202 percipienda,
430 1121 528 1200 quia,
555 1121 681 1199 inquit,
707 1119 844 1194 iterum.
864 1169 871 1184 .
890 1167 898 1183 .
919 1122 1026 1184 videbo
1045 1143 1119 1197 oos5
1139 1144 1205 1187 non
1234 1145 1314 1206 ergo

175 1223 240 1285 alia
274 1223 331 1285 illa
363 1222 493 1285 tristitia
523 1221 583 1284 nisi
613 1240 678 1301 qua
705 1221 854 1303 discipuli
882 1223 924 1285 oh
954 1224 1025 1286 eius
1054 1230 1194 1287 mortem
1224 1231 1313 1290 tene·

176 1330 303 1387 rentur.

255 1423 353 1501 Quod
379 1425 589 1506 cumprimis
614 1425 831 1487 necessarium
856 1425 1007 1489 iuturum
1034 1434 1106 1490 erat
1134 1429 1194 1491 uhi
1218 1426 1311 1492 Chri·

174 1532 243 1590 stus
265 1526 305 1588 ad
325 1533 452 1608 patrem
483 1543 649 1605 regressus
673 1523 847 1606 discipulos
867 1525 901 1588 in
927 1527 1023 1590 terris
1046 1529 1132 1590 solos
1161 1529 1313 1609 reliquis·

174 1635 244 1706 set,
270 1628 320 1690 his
343 1629 400 1690 ille
427 1627 459 1689 in
484 1635 648 1708 postrema
678 1627 834 1689 sermonis
864 1633 957 1707 parte
984 1630 1188 1692 commendat
1210 1635 1312 1710 atque

174 1730 317 1793 inculcat
336 1733 374 1793 ut
401 1747 513 1810 preces
537 1726 607 1790 Deo
632 1728 786 1791 adhihere
811 1728 923 1806 velint,
941 1731 1177 1810 rationemque,
1194 1751 1263 1812 qua
1283 1734 1313 1795 id

176 1831 307 1908 iaciant,
330 1831 434 1893 docet.
851 1888 856 1902 ,

246 1951 279 1995 v.
300 1929 351 1995 23.
374 1931 483 1994 Prima
505 1936 612 1993 tamon
632 1931 732 1992 rerba
748 1949 862 1993 versus
875 1928 915 1994 23
936 1933 1102 1996 conclusio
1122 1939 1313 1998 suntantea

176 2032 360 2109 dictorum,
382 2050 447 2094 non
467 2050 548 2095 vero
569 2031 742 2093 exordium
774 2050 889 2094 eorum
911 2050 996 2112 quae
1023 2040 1222 2112 sequuntur.
1248 2033 1314 2100 Cur

173 2135 218 2196 ita
232 2134 375 2211 credam,
391 2151 456 2196 non
468 2151 534 2196 una
547 2133 628 2195 mihi
642 2152 755 2196 caussa
776 2142 835 2196 est.
859 2132 969 2196 Primo
982 2135 1121 2198 verbum
1141 2132 1311 2234 ἐρωτησετε

173 2237 378 2319 ropohitisin
399 2239 556 2302 hocloco
585 2256 650 2299 non
681 2236 767 2299 idem
797 2255 867 2300 esse
897 2241 1003 2317 potest
1022 2256 1061 2300 ac
1080 2239 1236 2318 precari,
1258 2244 1311 2306 sed

88 2337 89 2341 ’
173 2338 344 2418 sciscitari,
366 2358 470 2421 quum
489 2357 668 2418 numquam
688 2339 839 2401 futurum
860 2344 944 2401 esset
962 2345 1001 2401 ut
1021 2338 1141 2404 Christi
1161 2342 1311 2425 discipuli

173 2459 249 2503 eum
269 2441 397 2520 precari
416 2458 481 2503 non
511 2459 593 2520 opus
624 2438 780 2501 haherent
790 2459 801 2517 3
823 2456 888 2501 non
909 2457 987 2518 ergo
1008 2439 1133 2520 integra
1152 2444 1311 2508 sententia

175 2541 216 2601 ad
237 2540 437 2618 doctrinam,
461 2559 545 2619 quae
575 2540 746 2620 sequitur,
774 2538 813 2601 de
843 2539 994 2619 precihus
1021 2538 1091 2603 Deo
1122 2541 1311 2607 adhibendis

173 2642 322 2721 pertinet.
344 2639 483 2719 Deinde,
506 2640 533 2702 si
553 2640 610 2703 illa
631 2641 672 2701 ad
692 2642 775 2703 hauc
794 2641 990 2720 pertineret,
1012 2641 1106 2704 locus
1125 2643 1176 2704 illi
1197 2645 1312 2708 inisset

103 2799 106 2805 .
173 2748 247 2822 post
265 2743 366 2805 verba
381 2739 493 2814 Amen,
512 2759 603 2802 amco
617 2739 688 2802 dico
708 2738 806 2813 vobis,
822 2758 907 2820 quae
921 2759 985 2802 non
1005 2743 1239 2807 coniunctionis
1254 2751 1311 2808 aut

173 2843 367 2905 transitionis
381 2840 520 2905 alicuius
541 2842 684 2904 formula
698 2847 758 2918 est,
775 2841 830 2903 sed
852 2841 1024 2903 exordium
1038 2861 1056 2904 a
1071 2839 1201 2906 Christo
1217 2864 1311 2908 usur·

172 2947 244 3025 pari
264 2946 396 3008 solitum
428 2963 531 3024 quum
552 2964 621 3008 rem
644 2945 802 3025 gravioris
828 2945 979 3005 momenti
1009 2944 1171 3009 efficacius
1193 2947 1309 3010 docere

172 3053 271 3126 atquc
302 3048 468 3110 inculcare
488 3048 598 3110 vellet.
621 3045 705 3108 Tum
736 3045 884 3109 Christus
914 3046 1085 3124 superiora
1115 3047 1248 3111 dixerat
1271 3068 1307 3111 eo

173 3148 262 3227 quod
286 3148 497 3210 intellexisset
517 3146 593 3227 quio
613 3148 757 3208 volebant
771 3165 840 3209 eum
859 3141 980 3245 ἐρωταν
1000 3144 1215 3227 iuterropar05
1236 3155 1308 3231 apte

171 3250 272 3330 igitur
293 3251 452 3314 conclusit
469 3251 657 3332 praedicens
673 3252 743 3313 lore
757 3260 795 3313 ut
810 3250 845 3312 io
857 3249 916 3312 illo
930 3249 979 3313 die
999 3251 1079 3312 nihil
1092 3252 1183 3313 ultra
1203 3251 1308 3332 ipsum

171 3350 563 3431 interrogent--Liquct
583 3348 625 3412 lo
644 3349 703 3412 illo
724 3351 773 3412 die
794 3352 918 3414 dictum
939 3370 1007 3414 esse
1027 3370 1088 3432 pro
1102 3350 1144 3413 In
1158 3349 1217 3413 illo
1239 3363 1309 3414 teos·

165 3471 253 3531 porc.
271 3449 333 3516 Sed
348 3454 387 3515 de
408 3472 475 3532 quo
497 3450 660 3532 tempore?
680 3471 766 3529 nam,
787 3454 884 3516 etiam
904 3459 1075 3533 postquam
1089 3451 1240 3516 Christus
1261 3472 1309 3516 re·

171 3553 275 3627 vixit,
298 3554 447 3634 discipuli
468 3573 544 3617 eum
573 3553 612 3614 de
642 3554 834 3633 quibusdam
865 3555 962 3616 rebus
992 3554 1240 3633 interrogarunt
1260 3553 1306 3616 lo.

170 3650 334 3732 xx1,21;
357 3651 429 3715 Act.
451 3650 479 3730 l,
502 3651 531 3717 6.
555 3651 691 3728 Verum,
714 3654 802 3731 quod
824 3650 971 3716 Christus
992 3653 1086 3729 dixit,
1105 3671 1152 3714 me
1173 3671 1241 3714 oon
1260 3673 1310 3716 ro-

170 3750 285 3832 qalitis
305 3750 489 3834 quidquam,
511 3751 633 3814 dictum
654 3772 723 3815 esse
744 3753 876 3815 videtur
896 3752 936 3814 de
954 3771 992 3815 ea
1007 3771 1043 3814 re
1058 3771 1143 3832 quae
1163 3759 1243 3816 tuuc
1264 3754 1308 3815 di-

171 3855 313 3935 scipulos
335 3853 449 3916 dubios
470 3854 610 3916 hahebat
631 3873 684 3917 vv.
707 3851 757 3917 lt.
780 3850 844 3927 18,
866 3854 1016 3933 idemque
1037 3855 1148 3917 valere
1170 3874 1209 3918 ac
1229 3855 1308 3917 nihil

170 3954 409 4033 interrogabitis
424 3954 463 4015 de
478 3973 517 4016 eo
532 3954 619 4032 quod
639 3972 724 4016 nunc
739 3955 843 4016 minus
858 3954 1047 4034 intelligitis,
1063 3955 1184 4035 quippe
1206 3957 1305 4035 quod,

169 4074 220 4116 mc
242 4055 274 4115 iu
295 4055 395 4116 vitam
416 4054 507 4118 brevi
537 4062 611 4134 post
641 4059 779 4116 mortem
810 4073 943 4117 reverso
973 4074 1117 4133 moxque
1137 4056 1178 4116 ad
1201 4058 1306 4119 caelos

168 4155 391 4232 adscendente,
408 4156 511 4220 oculis
533 4155 648 4227 vestris
669 4157 872 4237 perspecturi
893 4157 973 4236 sitis3
989 4175 1095 4237 neque
1116 4156 1214 4222 aliter
1228 4159 1305 4223 hacc
