2986 4912
526 357 628 407 csnvr
652 356 824 408 vrcssruvu
846 355 966 407 aarum
1248 338 1311 406 233

177 442 307 524 vulgari
320 460 469 508 sermone
488 443 534 507 sic
554 445 686 526 loquor:
709 442 746 507 Io
765 442 870 524 coptio
884 439 1039 524 clt'eplisi
1049 440 1198 523 rimam
1220 447 1306 516 cost;

175 565 196 606 a
217 553 245 607 tc
265 543 319 606 etc
344 540 545 627 t’importa?
565 545 753 609 affirmando
774 545 806 607 id
828 546 954 624 dicam,
978 562 1019 607 an
1039 545 1083 609 ita
1111 562 1150 609 ac
1172 544 1199 607 si
1222 543 1308 608 dicc-

179 662 262 706 rem:
285 640 323 707 Sc
343 641 375 706 io
399 642 503 725 ooplio
523 643 678 726 ch'cplisi
689 644 837 725 rimcnpc
857 650 936 723 cosi,
952 665 972 707 a
986 654 1014 707 tc
1034 645 1087 707 cde
1112 639 1308 725 t'importai'

174 743 261 825 Lege
282 763 366 826 qnae
386 747 419 808 in
439 747 537 810 huius
556 747 633 811 libri
652 747 819 830 prooemio
835 746 1020 810 monuimus
1041 745 1080 808 dc
1101 746 1306 827 rationeque

175 845 311 912 loannes
338 847 480 911 aliorum
510 865 675 914 sermones
702 869 740 914 ac
761 849 846 914 dieta
868 847 1045 929 descripsit.
1067 844 1222 913 Ceterum
1242 866 1306 910 non

171 948 198 1012 is
218 967 292 1012 snm
306 949 363 1031 qui
377 948 567 1015 omnimodis
591 951 724 1017 vincere
742 952 841 1017 velim
861 952 944 1015 hanc
964 948 1161 1033 particulam
1173 947 1220 1012 sic
1234 967 1304 1014 csse

176 1050 387 1114 retinendam.

254 1169 287 1215 v.
308 1148 360 1216 93.
382 1148 480 1215 Vides
502 1170 568 1232 quo
588 1152 669 1215 haec
690 1151 850 1234 appendix
869 1149 1037 1234 pertineat.

251 1267 283 1313 v·
304 1243 355 1316 24.
379 1247 441 1314 Hic
461 1269 576 1316 versus
597 1250 736 1315 collatus
750 1270 825 1316 cum
839 1270 872 1316 v.
887 1245 1112 1317 locumulum
1130 1248 1227 1313 affert
1248 1265 1303 1312 ar-

173 1351 330 1430 gumentis
351 1370 436 1433 quae
466 1354 621 1418 certiores
640 1372 698 1417 nos
718 1353 842 1419 iaciunt
859 1353 957 1418 huius
988 1371 1121 1434 quoqne
1144 1353 1301 1436 postremi

170 1448 283 1531 capitis
303 1448 456 1514 loannem
478 1458 647 1516 auctorem
667 1471 748 1517 esse.
1308 1483 1311 1489 ·

249 1569 280 1614 v.
301 1549 352 1615 25.
375 1550 488 1616 Totius
509 1554 667 1633 evangelii
688 1553 848 1632 clausula,
871 1560 944 1636 post
964 1553 1172 1636 appendicem
1190 1571 1301 1619 neces·

170 1652 257 1714 sario
277 1651 405 1718 iterata.
429 1651 549 1719 Conter
567 1657 612 1719 lo.
634 1653 718 1733 XX,
738 1651 789 1722 30.
805 1689 846 1701 -
858 1654 1089 1740 Hyperboreo,
1113 1674 1178 1719 non
1203 1674 1298 1720 secus

171 1768 209 1814 ac
229 1757 353 1818 ceteras
373 1756 615 1821 rhetoricorum
634 1756 767 1838 figuras,
788 1757 963 1841 scriptores
981 1756 1079 1834 sacri,
1101 1757 1158 1823 ubi
1178 1776 1230 1823 res
1251 1758 1298 1823 tc·

170 1851 274 1933 rebat,
294 1873 456 1939 usurpare
475 1857 563 1922 haud
583 1855 849 1922 reformidarunt.
