2986 4912
622 304 725 352 crvvr
747 305 898 355 oursvvu
1197 380 1198 383 Ἴ
1284 295 1326 364 99

289 388 342 471 33
368 394 650 492 Responderunt
677 395 732 468 ei:
763 396 896 470 Sernen
923 395 1092 474 Abrahae
1121 417 1320 489 sumus,et

181 522 318 597 nemini
346 521 563 596 servivimus
591 525 986 623 umquarntquornodo
1013 540 1053 601 tu
1085 527 1193 602 dicis:
1214 527 1320 605 Libe-

180 651 213 724 ri
245 647 386 726 eritis?
421 686 424 691 ·
1193 643 1195 646 Α

174 790 176 792 ’
287 769 339 852 34
367 775 568 874 Respondit
595 776 648 851 eis
677 778 791 852 lesus:
822 775 952 863 Amen,
973 803 1080 856 amen
1100 781 1182 857 dieo
1200 781 1316 859 vobis:

177 903 264 1003 quia
291 906 423 990 omnis,
440 905 500 1003 qui
530 903 617 979 lacit
645 921 851 1002 peccatum,
884 925 1108 1009 servus‘est
1135 912 1290 1008 peceati.

285 1025 337 1107 35
366 1056 494 1108 servus
527 1044 651 1106 autern
680 1056 753 1107 non
772 1045 896 1108 manet
925 1035 960 1107 in
994 1035 1104 1111 domo
1137 1039 1174 1110 in
1202 1049 1317 1114 aeter·

176 1183 279 1234 num:
314 1159 411 1234 lilius
444 1174 566 1234 auteur
602 1170 726 1234 manet
759 1162 1035 1237 iu'neternurn.

285 1281 337 1363 36
366 1289 396 1362 si
425 1311 512 1386 ergo
540 1310 606 1364 vos
634 1287 729 1364 filius
757 1288 981 1378 liberaverit,
1015 1291 1100 1366 vere
1137 1291 1241 1369 libavi
1275 1319 1315 1370 e-

173 1415 271 1493 ritis.

282 1536 332 1617 37
361 1540 444 1617 Seio
463 1542 547 1640 quia
577 1540 640 1615 filii
669 1540 839 1618 Abrahae
859 1544 961 1618 estis:
978 1545 1042 1618 sed
1057 1547 1233 1643 quaeritis
1252 1540 1312 1624 nro

174 1670 396 1755 interlicere,
430 1673 515 1768 quia
544 1693 666 1744 sermo
700 1694 805 1744 rnous
839 1696 911 1745 non
949 1673 1047 1770 capit
1075 1675 1110 1746 in
1141 1673 1257 1749 vobis.

142 1868 144 1871 .
248 1818 251 1825 ·
281 1791 336 1874 38
360 1797 438 1895 Ego
466 1799 560 1896 quod
595 1798 667 1872 vidi
701 1799 797 1896 apud
829 1797 976 1873 Patrem
1005 1824 1143 1888 meunt,
1167 1800 1308 1901 loquor:

176 1940 217 2002 et
246 1950 312 2002 vos
338 1949 431 2024 quare
460 1926 601 2001 vidistis
629 1926 724 2023 apud
752 1939 898 2023 patrern
925 1941 1101 2014 vestrum,
1130 1929 1264 2004 facitis.

262 2047 335 2131 39
363 2053 656 2152 Responderunt,
684 2065 723 2127 et
749 2054 921 2129 dixerunt
961 2056 1012 2130 ei:
1043 2054 1160 2130 Pater
1184 2070 1310 2132 noster

176 2180 363 2256 Abrabam
391 2194 461 2255 ost.
491 2181 588 2256 Dicit
615 2182 648 2255 ei
678 2182 791 2256 lesus:
820 2181 858 2256 Si
886 2182 951 2257 lilii
980 2181 1148 2258 Abrabae
1190 2181 1308 2271 estio,

173 2334 287 2413 opera
315 2307 483 2382 Abrabae
511 2307 635 2384 facite.

211 2484 215 2491 ·
282 2431 335 2512 to
362 2435 464 2512 Nune
491 2449 615 2512 autern
643 2436 819 2535 quaeritis
846 2461 906 2512 me
934 2438 1152 2526 interficere,
1184 2439 1307 2515 bomi-

173 2589 275 2653 nem,
301 2565 364 2664 qui
391 2564 585 2640 veritatem
614 2564 717 2640 vobis
745 2564 890 2640 loeutus
917 2588 1013 2652 sum,
1042 2589 1152 2664 quant
1190 2567 1310 2645 audivi

173 2719 196 2770 a
225 2693 314 2770 Deo:
343 2694 413 2768 boe
440 2690 626 2767 Abrabam
654 2716 726 2767 non
753 2691 856 2768 feeit.
990 2698 993 2703 '
1144 2696 1148 2703 ’

254 2796 257 2801 ’
280 2815 328 2896 ll
352 2821 424 2896 Vos
445 2806 571 2897 'irruitis
590 2845 699 2918 opera
715 2821 831 2919 patris
846 2820 970 2896 vestri.
988 2821 1166 2897 llixerunt
1185 2823 1307 2924 itaque

172 2951 224 3026 ei:
252 2947 326 3025 llos
357 2974 404 3026 ex
444 2949 681 3024 fornicatione
710 2972 780 3023 non
809 2971 935 3023 sumus
976 2951 1076 3024 nati:
1108 2973 1221 3026 unum
1249 2975 1309 3050 pa·

172 3089 270 3154 trem
296 3077 474 3151 babemus
503 3076 633 3151 lleunr.

280 3198 333 3283 db
360 3204 462 3280 Dixit
488 3229 575 3302 ergo
595 3205 648 3290 eis
663 3205 782 3284 lesus:
812 3205 848 3280 Si
865 3205 962 3279 Deus
976 3216 1083 3304 pater
1109 3219 1232 3282 voster
1250 3230 1309 3281 es-

172 3345 242 3409 set:
271 3332 469 3432 diligeretis
490 3335 614 3432 utique
642 3358 715 3411 rne.
744 3359 812 3433 ego
840 3334 938 3408 enirn
965 3356 1013 3409 ex
1033 3331 1109 3408 lleo
1128 3335 1303 3432 processi,

140 3491 145 3495 ·
172 3473 211 3539 et
238 3460 342 3538 veui:
370 3485 488 3559 neque
516 3462 613 3535 eninr
633 3486 654 3536 a
671 3485 731 3536 nne
747 3463 826 3560 ipso
849 3462 944 3548 veni,
959 3462 1021 3536 sed
1041 3455 1306 3537 illemernisit.

278 3583 330 3664 43
358 3587 688 3688 Quareloquelarn
716 3613 835 3664 nrearn
865 3613 936 3664 non
956 3587 1198 3688 eognoseitis?
1212 3587 1307 3680 Quia

170 3740 245 3795 non
271 3717 428 3815 potestis
456 3716 580 3792 audire
609 3740 815 3793 sennonem
844 3741 981 3793 rnourn.
1035 3758 1039 3762 ·

267 3838 331 3922 ‚ll
358 3843 431 3920 Vos
459 3870 506 3922 ex
532 3858 637 3943 patre
665 3845 809 3922 diabolo
837 3847 940 3920 estis:
970 3857 1008 3920 et
1034 3845 1213 3920 desideria
1242 3869 1305 3940 pa-

169 3971 239 4049 tris
264 3972 380 4051 vestri
409 3973 517 4048 vultis
544 3973 678 4049 faeere.
706 3972 769 4048 ille
798 3972 979 4047 homicida
1005 3984 1087 4047 erat
1114 3973 1160 4046 ab
1189 3971 1305 4058 initio,

169 4111 209 4175 et
230 4100 274 4175 in
301 4101 557 4179 veritatenon
585 4101 700 4179 stetit:
730 4101 914 4199 quianon
941 4112 1000 4176 est
1027 4099 1163 4176 veritas
1186 4100 1223 4175 iu
1242 4124 1303 4177 eo:
