2986 4912
178 292 239 364 1d2
536 308 567 360 tn
593 308 731 360 toronos
753 307 1001 357 conntnrsnrvn

179 477 183 483 .
292 395 345 477 23
373 402 474 477 lesus
502 414 627 475 autem
654 399 841 496 respondit
868 399 935 484 eis,
964 399 1103 472 dicens:
1124 395 1236 472 Venit
1254 397 1320 471 ho·

187 554 242 617 ra,
270 543 312 605 ut
326 529 544 604 clarificetur
570 528 682 603 Filius
710 528 879 602 hominis.

291 652 344 732 24
372 656 502 742 Amen,
531 680 637 730 nmen
663 657 743 730 dieo
763 656 879 740 robis,
898 655 967 728 nisi
983 677 1135 750 granum
1149 655 1321 730 frumen-

187 786 216 861 ti
244 786 376 860 cadens
403 785 440 858 in
468 797 833 869 terram‚'mortnum
861 783 985 870 fuerit3
1213 785 1215 791 '

291 909 343 988 25
372 914 491 1010 ipsum
520 913 638 987 solnm
667 925 803 986 manet.
834 912 864 984 si
894 924 1020 986 antem·
1038 923 1223 985 mortuum
1249 909 1324 984 fne-

188 1042 250 1124 rit,
277 1022 435 1116 muitutn
463 1041 622 1115 fructum
650 1039 768 1114 affert.
797 1037 866 1128 Qui
895 1052 996 1113 amat
1023 1039 1180 1112 animam
1202 1062 1323 1124 suam,

187 1171 315 1269 perdet
341 1192 435 1244 eam:
465 1182 504 1242 et
523 1169 584 1267 qui
599 1169 676 1242 odit
703 1169 865 1241 enimam
893 1190 998 1241 suam
1025 1168 1062 1239 in
1082 1167 1323 1252 hosmundo,

187 1298 224 1371 in
251 1297 366 1371 vitam
393 1309 581 1370 aeternam
609 1295 768 1370 custodit
797 1318 892 1368 enm.

292 1414 345 1496 96
372 1422 410 1496 Si
437 1424 519 1519 quis
545 1421 636 1494 mihi
664 1421 860 1504 ministrat,
889 1443 947 1494 me
977 1433 1173 1518 sequatur:
1192 1435 1233 1495 et
1260 1420 1323 1495 ubi

191 1573 272 1626 snm
300 1573 381 1648 ego,
410 1549 484 1623 illie
512 1562 551 1622 et
579 1550 744 1623 minister
759 1572 861 1623 mens
882 1550 965 1622 erit.
982 1548 1019 1621 Si
1046 1550 1128 1645 quis
1143 1549 1234 1622 mihi
1255 1549 1325 1622 rni-

191 1677 414 1784 nistraverit‚
441 1676 693 1750 honorificabit
719 1699 804 1750 enm
831 1675 941 1749 Pater
968 1699 1084 1749 mens.
1188 1725 1191 1728 -

295 1798 347 1878 27
374 1803 477 1878 Nono
504 1806 625 1880 anima
650 1827 732 1879 mea
759 1804 906 1879 turbata
925 1816 995 1878 est.
1011 1802 1059 1877 Et
1077 1804 1162 1902 quid
1179 1791 1325 1878 dinami

190 1931 315 2020 Pater,
343 1933 504 2008 salvifica
531 1956 589 2006 me
618 1956 665 2007 ex
681 1933 761 2006 ‘hac
789 1934 892 2006 hora.
921 1931 992 2006 Sed
1019 1945 1214 2030 propterea
1241 1933 1326 2006 veni

192 2061 229 2145 in
256 2061 385 2134 horam
413 2059 520 2133 hano.
576 2132 580 2139 .

295 2179 348 2260 28
375 2185 500 2273 Pater,
526 2186 684 2261 clarifica
706 2210 844 2261 nomen
871 2199 989 2262 tuum.
1019 2185 1127 2261 Venit
1145 2209 1233 2285 ergo
1254 2209 1325 2260 vor

192 2315 237 2390 de
265 2313 378 2389 eaelo:
408 2313 457 2388 Et
483 2292 691 2401 olarifioevi,
720 2328 758 2391 et
785 2316 920 2390 iterum
947 2315 1164 2389 clarificabo.

297 2436 350 2517 29
379 2442 501 2517 Turba
529 2467 627 2540 ergo,
644 2467 736 2542 quae
765 2444 900 2529 stabat,
916 2457 955 2517 et
983 2444 1163 2530 audieret,
1181 2443 1327 2518 dicebat

194 2569 393 2645 tonitruum
422 2593 501 2645 esse
530 2570 680 2646 factum.
711 2570 781 2644 Alii
808 2572 989 2647 dicebant:
1019 2570 1179 2669 Angelus
1207 2572 1242 2646 ei
1270 2571 1326 2646 lo·
1368 2616 1370 2621 ·

194 2710 300 2773 cutus
328 2711 398 2775 est.
744 2786 745 2792 η
1118 2712 1121 2719 ‘

297 2819 349 2900 30
377 2825 578 2925 Respondit
605 2829 735 2915 lesus,
764 2841 802 2903 et
828 2829 933 2902 dixit:
962 2826 1041 2902 Non
1068 2839 1220 2926 propter
1268 2850 1327 2901 me

193 2953 284 3028 haee
311 2976 384 3027 vox
411 2955 525 3039 venit,
553 2957 618 3031 sed
645 2973 795 3056 propter
823 2980 903 3029 ros.

299 3074 345 3155 31
377 3079 479 3157 Nune
507 3083 677 3159 iudicium
706 3097 764 3157 est
790 3084 936 3157 mundi:
957 3107 1051 3158 nuno
1079 3084 1248 3181 princeps
1267 3085 1329 3160 hu·

195 3207 253 3280 ius
278 3210 403 3283 mnndi
431 3211 596 3286 eiicietnr
623 3211 735 3285 foras.

301 3331 353 3412 32
380 3337 429 3413 Et
456 3363 522 3437 ego
551 3341 581 3414 si
609 3340 793 3414 exaltatus
821 3340 924 3416 fuero
944 3354 1092 3427 eterra,
1109 3342 1232 3415 omnia
1252 3354 1330 3417 tra-

197 3463 282 3538 ham
310 3466 355 3540 ad
384 3491 442 3542 me
471 3469 604 3566 ipsum.

301 3587 351 3668 33
369 3592 457 3693 (hoo
484 3609 608 3670 entem
635 3597 792 3685 dicebat,
819 3598 1025 3696 significans
1044 3623 1114 3696 qua
1132 3611 1251 3674 morte
1272 3624 1330 3676 es·

196 3737 254 3795 set
280 3721 526 3823 moriturus.)
686 3702 692 3714 ’

303 3842 354 3924 34
381 3850 583 3948 Respondit
610 3853 643 3926 ei
671 3853 790 3927 turha:
818 3851 891 3928 Nos
920 3854 1123 3929 andivimus
1150 3877 1197 3928 ex
1225 3853 1329 3952 lege,

107 4049 111 4055 .
196 3974 281 4075 quia
308 3977 476 4054 Christus
503 3995 628 4056 manet
654 3981 691 4055 in
718 3995 919 4057 aeternum:
950 3995 987 4056 et
1015 3983 1195 4080 quomodo
1215 3995 1257 4059 tu
1276 3984 1330 4058 di-

197 4104 263 4190 ois,
292 4105 446 4204 Oportet
472 4109 628 4184 exaltari
656 4110 786 4186 Filium
815 4109 1010 4185 hominis?
1038 4110 1126 4201 Quis
1154 4125 1213 4188 est
1259 4111 1330 4188 iste

197 4229 311 4306 Filius
337 4231 525 4308 hominis?
