2986 4912
190 298 231 366 ill
528 317 561 364 m
581 316 719 364 rosam
739 315 989 363 cormarine!

268 422 300 464 r.
325 400 377 467 66.
407 400 530 465 Conier
561 422 647 482 quae
668 403 810 464 diximus
840 402 881 464 de
902 422 934 463 r.
961 400 1014 464 37.
1036 398 1187 463 Christus
1206 400 1250 462 ad
1271 401 1329 464 illa

188 510 313 584 spectat
333 522 419 583 quae
438 503 568 566 dixerat
581 506 614 566 in
629 524 661 564 r.
675 500 727 568 ll.
748 500 874 566 Graece
887 521 952 564 non
964 510 1014 564 est
1026 523 1115 602 rapa
1131 523 1190 567 :aa
1203 523 1330 600 πατρος

190 631 212 671 a
218 618 324 689 patre,
336 609 393 671 sed
405 604 441 674 ἐκ
462 629 519 673 του
536 628 658 704 πατρος
666 626 707 668 ea
715 618 900 687 potmqua
912 608 1068 687 loquendi
1082 609 1209 670 atione
1219 608 1334 687 expri-

190 710 292 771 mitur
310 710 398 786 doni,
419 711 460 773 de
479 730 548 790 quo
568 713 691 790 agitur,
713 710 921 784 excellentia,
942 716 981 770 nt
1000 711 1042 771 sit
1060 709 1222 788 quaedam
1235 711 1333 788 quasi

184 808 395 889 participatio
414 811 600 872 divinitatis.

270 930 302 973 v.
323 908 375 974 67.
398 909 520 974 Confer
540 930 626 990 quae
647 911 877 971 annotavimus
898 910 931 970 in
951 929 984 971 r.
1005 905 1056 973 61.

272 1030 303 1073 r.
326 1009 377 1075 68.
399 1009 517 1091 Neque
538 1018 638 1087 tunc,
660 1029 763 1089 quum
782 1009 1020 1089 discipulorum
1044 1009 1262 1072 deiectionem
1286 1013 1333 1073 ri-

192 1110 297 1186 deret,
319 1107 469 1172 Christus
490 1110 669 1189 quidquam
688 1107 771 1169 dixit
790 1126 858 1186 quo
877 1109 1093 1188 suspicionem
1106 1110 1223 1170 saltem
1241 1109 1331 1189 inge-

193 1217 283 1273 reret
301 1229 337 1273 se
356 1229 416 1290 per
435 1212 641 1291 metaphoras
660 1209 840 1286 loquutum
860 1227 942 1285 esse,
957 1209 1014 1270 sed
1034 1227 1053 1270 e
1073 1211 1241 1273 eontrario
1261 1212 1330 1291 ipsa

192 1312 253 1375 bac
272 1313 516 1399 percontatione
536 1313 708 1393 proprium
727 1312 907 1374 verborum
927 1330 1066 1374 snorum
1102 1331 1234 1375 sensnm
1256 1332 1332 1377 con-

194 1412 348 1477 firmavit.

246 1534 301 1577 rr.
322 1512 374 1580 69.
396 1511 447 1581 70.
469 1514 555 1579 Nota
576 1515 712 1578 Petrum
732 1515 878 1576 omnium
900 1515 1030 1576 nomine
1055 1515 1329 1595 respondentem,

195 1625 229 1678 et
248 1616 361 1678 eonier
380 1615 498 1679 blattb.
510 1615 599 1694 xil,
610 1615 661 1681 16
675 1614 782 1692 Quam
802 1615 942 1694 simplex
960 1622 994 1677 et
1014 1617 1136 1693 nativa,
1150 1635 1253 1696 quam
1267 1619 1334 1698 ple·

195 1735 237 1779 na
256 1736 353 1780 sensu
374 1725 408 1780 et
426 1718 546 1781 aiiectu
565 1719 646 1779 baec
668 1715 759 1778 Petri
781 1713 970 1796 responsio!

248 1837 281 1880 r.
303 1815 353 1882 71.
376 1817 435 1882 llis
456 1817 605 1883 Christus
625 1818 762 1881 Petrum
783 1817 927 1880 docetse
946 1836 1011 1879 non
1024 1818 1093 1880 sine
1105 1819 1228 1898 optima
1243 1837 1336 1882 caus·

196 1939 232 1983 sa
252 1922 416 1999 quaesisse
436 1939 479 1982 an
498 1929 533 1984 et
552 1922 613 2002 ipsi
635 1921 726 1982 abire
747 1920 893 1998 vellent3
924 1919 1089 1998 simulque
1109 1917 1225 1981 ludam
1252 1940 1338 1983 eom-

198 2022 382 2084 monefacit.

276 2143 309 2186 v.
331 2122 382 2186 72
406 2124 592 2204 Cognomen
612 2122 781 2185 Iscariotes
805 2120 905 2184 Indae
927 2122 1050 2184 iactum
1070 2128 1131 2198 est,
1146 2130 1249 2203 prout
1270 2142 1337 2185 cre·

198 2225 299 2302 ditur,
321 2226 363 2287 ab
382 2227 466 2287 urbe
486 2225 591 2306 patria
613 2222 748 2289 Cariotb
769 2225 833 2285 sita
854 2224 886 2284 in
908 2223 997 2285 tribu
1017 2221 1118 2286 ludae
1134 2219 1177 2303 (l)
1188 2244 1201 2303 3
1222 2231 1336 2304 estque

199 2321 367 2385 iscariotes
385 2325 562 2388 deductum
576 2323 616 2384 ab
636 2322 789 2385 hebraico
803 2331 916 2418 m‘ap
931 2330 1010 2391 wat
1022 2321 1076 2383 vir
1092 2320 1235 2396 Coriotb,
1254 2323 1336 2388 sieut

199 2422 281 2484 istob
293 2423 335 2503 (2)
346 2429 387 2488 ab
402 2436 472 2497 :im
487 2435 566 2496 Μ
579 2424 632 2486 vir
647 2424 718 2487 Tot.
736 2424 828 2490 Talia
849 2429 946 2490 etiam
966 2436 1043 2491 sunt
1074 2426 1128 2489 vir
1146 2426 1267 2502 lsrael,
1287 2425 1336 2489 eir

202 2527 371 2608 Ephraim,
393 2544 427 2595 et
446 2535 566 2596 borum
585 2534 713 2596 similia.

590 2731 943 2778 *mmo*

591 2992 951 3039 saevivit

311 3296 330 3375 1
364 3218 603 3381 posthaec
630 3323 755 3384 autem
783 3311 996 3385 ambulabat
1022 3312 1126 3386 lesus
1166 3312 1204 3384 in
1246 3311 1339 3387 Gali·

203 3429 336 3516 laeam,
362 3455 435 3505 non
462 3435 560 3507 enim
588 3436 734 3511 volebat
761 3439 798 3511 in
827 3439 998 3514 Iudaeam
1026 3439 1225 3515 ambulare:
1257 3442 1340 3540 quia

206 3559 430 3656 quaerebant
457 3586 541 3637 eum
570 3566 694 3640 ludaei
721 3568 939 3644 interficere.

311 3683 338 3761 2
365 3686 456 3762 Erat
482 3705 606 3765 autem
633 3693 670 3765 in
698 3697 865 3791 proximo
879 3698 957 3772 dies
972 3697 1089 3773 festus
1106 3697 1341 3786 ludaeorum,

207 3811 443 3913 scenopegia.

277 4027 318 4097 (a)
336 4029 389 4082 ιω.
408 4030 468 4100 xv,
485 4032 530 4084 25.

280 4120 316 4189 (2)
334 4121 361 4174 ll
379 4124 443 4190 neg.
463 4126 498 4194 X,
517 4126 560 4178 16.
579 4128 673 4183 Confer
691 4127 791 4202 Ioseph
810 4128 874 4184 Ant.
893 4132 953 4183 vn.
971 4131 998 4202 6,
1018 4131 1045 4183 l.
