2986 4912
157 266 219 335 232
376 349 377 354 Ἰ
478 285 668 338 rnrosnnsn
690 288 940 337 connrnranrrn

236 388 268 434 v.
290 363 340 435 11.
366 365 479 434 Tertio.
503 371 556 435 Ex
576 373 750 452 evangeliis
781 372 865 434 inter
886 391 920 435 se
941 370 1136 451 comparatis
1163 389 1294 451 compo·

156 468 291 551 sitisque
312 469 453 537 efficitur
472 473 604 552 quidem
635 481 712 536 tunc
743 470 908 538 Christum
940 473 1098 553 septimo,
1121 477 1294 552 postquam

157 568 337 648 revixerat,
359 572 430 635 aliis
451 578 549 654 atquc
570 575 640 638 aliis
662 575 768 638 visum
789 593 871 654 esse3
894 580 927 636 at
947 573 1113 653 discipulis
1134 591 1199 634 una
1221 592 1297 635 con-

157 671 296 751 gregatis
317 671 409 734 tertio
421 673 641 756 manifestatus
663 683 741 740 tunc
755 684 809 738 est.
824 672 910 755 Lego
923 672 1060 736 Librum
1080 670 1112 734 ΙΙ
1134 673 1173 736 dc
1187 672 1296 737 Evan-

159 772 249 852 geliis
271 772 390 839 donet.
415 774 551 842 CCXVI.

238 894 292 940 vv.
313 873 444 940 15-17.
469 874 578 958 Agnos
599 885 632 943 et
651 897 751 957 oves,
774 896 841 942 uno
873 877 997 952 verbo,
1021 893 1151 955 gregem
1176 873 1295 942 Christi

157 976 204 1042 nil
224 977 314 1045 aliud
335 997 403 1042 esse
425 997 524 1059 quam
545 982 715 1044 ecclesiam
729 972 824 1044 nemo
845 998 942 1044 sanus
964 997 1108 1058 unquam
1122 978 1294 1042 dubitavit.

159 1074 266 1146 Huius
287 1080 392 1161 gregis
412 1083 563 1164 pascendi
594 1088 787 1163 potestatem
807 1080 906 1145 Petro
928 1080 1081 1143 collatam
1112 1082 1241 1142 narrari
1263 1080 1296 1141 in

160 1181 222 1247 hoc
242 1180 329 1259 loco,
347 1182 404 1263 qui
425 1202 500 1246 eum
515 1184 570 1247 vol
583 1184 689 1247 obiter
702 1184 793 1264 legit,
809 1182 923 1263 nequit
942 1199 1007 1244 non
1026 1180 1209 1261 pervidere.
1230 1178 1297 1244 Res

160 1299 236 1344 curn
257 1300 323 1346 uno
344 1280 443 1347 Petro
459 1289 632 1360 transacta,
650 1285 828 1350 dilectionis
850 1302 927 1362 erga
948 1302 982 1346 se
1003 1282 1173 1364 professio,
1196 1301 1296 1361 quam

159 1378 309 1448 Christus
330 1388 380 1447 ter
400 1385 441 1447 ab
461 1403 500 1447 co
522 1386 651 1466 exegit,
676 1404 756 1465 grex
775 1384 953 1465 pascendus
975 1383 1005 1448 ei
1032 1401 1050 1443 a
1073 1380 1224 1459 Christo,
1247 1403 1298 1445 se-

159 1483 246 1561 mel,
269 1483 411 1563 iterum,
435 1487 544 1564 tertio,
568 1489 833 1561 commendatus,
857 1485 962 1551 omnia
984 1483 1123 1563 deniqne
1144 1484 1297 1547 adiuncta

158 1605 217 1651 nos
239 1593 361 1666 cogunt
381 1589 515 1653 credere
537 1594 613 1654 tnnc
634 1589 733 1655 Petro
758 1609 897 1663 munus,
922 1605 1025 1666 quum
1055 1587 1175 1665 grande
1197 1594 1297 1667 atque

159 1687 329 1766 eximium,
352 1693 423 1753 tum
443 1690 514 1754 cius
534 1692 630 1756 unius
652 1693 823 1775 proprium
845 1691 1000 1755 traditum
1022 1707 1041 1754 a
1063 1686 1192 1752 Christo
1214 1709 1295 1753 csse.

160 1785 314 1852 Ceterum
327 1807 392 1853 non
405 1792 501 1870 pauci
515 1799 591 1855 sunt
604 1794 661 1873 qni
676 1800 781 1856 totum
796 1794 883 1856 hunc
904 1791 1015 1852 locum
1030 1790 1200 1869 praeclare
1223 1808 1297 1871 per-

158 1895 354 1959 tractarunt.
369 1890 460 1954 -In
482 1912 512 1955 v.
534 1890 575 1958 16
596 1913 711 1975 graeca
743 1894 858 1975 pagina
878 1911 941 1957 non
962 1886 1060 1992 ἀρνια
1075 1910 1173 1972 equos
1187 1891 1295 1968 hahet,

158 1996 217 2060 sed
237 1990 392 2093 προβατα
412 2013 493 2073 oves,
515 1997 601 2065 sient
621 1999 654 2060 ln
676 2017 707 2060 v.
729 1994 779 2062 17.

240 2118 272 2164 v.
293 2092 344 2164 18.
369 2098 536 2176 Quorsum
550 2102 630 2163 haec
650 2108 845 2181 spectarent,
869 2095 1005 2166 loannes
1027 2094 1139 2159 docuit
1153 2092 1297 2159 inversu

158 2202 358 2282 insequente.
376 2198 445 2264 Cur
458 2208 568 2265 autem
584 2200 732 2265 Christus
747 2200 845 2266 Petro
860 2202 941 2263 haec
954 2195 1168 2279 praedixerit,
1184 2211 1297 2257 caussa

158 2304 239 2367 hacc
260 2302 359 2367 luisse
374 2302 516 2378 videtur,
533 2308 571 2366 ut
584 2303 781 2366 ostendendo
795 2302 855 2365 sibi
870 2301 972 2381 probe
993 2300 1199 2379 perspectum
1225 2312 1296 2355 esse

158 2405 199 2467 ad
221 2424 318 2484 quem
339 2404 435 2467 linem
456 2401 546 2466 Petri
567 2405 599 2465 in
620 2405 726 2484 ipsum
742 2423 835 2467 amor
850 2409 934 2466 essct
954 2414 1127 2470 evasurus,
1144 2397 1229 2457 hunc
1242 2412 1296 2455 so-

155 2506 285 2573 laretur
316 2510 516 2571 moerentem
547 2511 743 2584 propteroa,
767 2504 844 2583 quia
876 2503 943 2584 ipsc
975 2499 1123 2564 Christus
1154 2496 1194 2557 de
1225 2497 1296 2557 eius

156 2626 269 2671 amore
291 2607 532 2687 quodammodo
547 2606 697 2670 dubitare
712 2606 800 2671 visus
817 2611 912 2679 esset,
929 2621 1028 2683 quam
1042 2598 1296 2663 sollicitudinem

156 2710 189 2778 in
214 2709 303 2772 Petri
323 2709 430 2771 animo
455 2709 692 2772 reminiscentia
712 2727 830 2772 eorum
852 2705 961 2768 alebat
982 2721 1067 2783 quae
1087 2701 1147 2764 sibi
1167 2697 1296 2762 accide-

157 2817 232 2879 rant
253 2813 285 2873 in
305 2811 402 2872 domo
422 2809 592 2890 pontificis.

238 2931 270 2976 v.
286 2908 337 2976 19.
352 2909 405 2974 Ex
420 2910 570 2974 hocloco
585 2912 753 2975 manifeste
767 2910 909 2973 officitur
924 2906 1071 2980 Petrum,
1084 2921 1187 2984 quum
1202 2898 1299 2962 Ioan-

157 3034 213 3078 nes
234 3015 315 3076 haco
335 3011 520 3087 scribebat,
543 3013 607 3073 iam
629 3012 728 3076 luisse
749 3013 992 3091 interemptum.
1015 3003 1101 3085 chc
1126 3002 1196 3065 Lib.
1220 2999 1234 3062 1
1257 3002 1297 3063 de

155 3116 343 3198 Evangeliis
365 3133 393 3176 c.
417 3110 473 3175 lv.
495 3133 526 3176 n.
549 3112 600 3178 35.

239 3236 271 3280 v.
286 3214 338 3280 22.
361 3212 399 3277 In
419 3215 600 3294 horaeque
615 3235 653 3278 ac
667 3216 700 3279 in
714 3215 903 3292 insequente
917 3227 1017 3274 versu
1037 3224 1098 3287 pro
1118 3201 1165 3267 sic
1180 3220 1296 3283 graeca

157 3320 272 3402 pagina
288 3318 386 3380 habet
408 3311 465 3386 ἔαν
488 3316 517 3381 si
521 3337 536 3389 ;
558 3324 749 3380 nontamen
770 3315 858 3378 aliud
879 3311 1079 3394 significatur
1093 3307 1124 3368 in
1138 3305 1238 3368 latina
1259 3321 1298 3366 ac

155 3422 188 3489 in
210 3442 338 3503 graeca,
362 3441 477 3502 quum,
500 3423 585 3486 sicut
605 3424 758 3486 continuo
780 3420 915 3484 loannes
931 3417 1010 3477 haec
1032 3407 1187 3488 explicat,
1205 3402 1297 3468 Chri·

156 3529 226 3594 stus
247 3541 311 3587 non
333 3522 522 3587 affirmando
544 3544 582 3587 ea
602 3524 797 3604 protulerit,
821 3522 876 3585 scd
897 3512 975 3586 καθ’
1003 3507 1164 3580 duciaco).
1187 3506 1298 3570 Enim-

156 3646 237 3690 vero
258 3625 339 3687 nihil
361 3632 410 3688 est
430 3627 517 3705 quod
533 3647 609 3695 cum
627 3628 821 3707 quibusdam
837 3621 1030 3688 reformides
1051 3617 1084 3677 in
1105 3613 1162 3674 illa
1177 3604 1296 3717 vocula

156 3728 215 3804 sic,
232 3729 441 3808 quantumvis
462 3730 614 3793 destituta
630 3730 791 3810 praesidio
814 3726 950 3789 alterius
972 3718 1111 3785 voculae
1139 3706 1179 3785 si,
1202 3722 1296 3770 cutus

158 3829 307 3902 alterius,
331 3833 369 3890 ut
390 3827 433 3890 ita
455 3828 571 3906 dicam,
595 3831 693 3906 vices,
718 3848 821 3909 quum
840 3825 1023 3905 loquimur,
1046 3819 1113 3899 ipse
1131 3809 1219 3875 vocis
1239 3804 1297 3919 'tle‘

156 3948 237 4003 xus,
260 3929 327 4008 ipsa
350 3929 552 4006 modulatio,
576 3937 675 4012 atque
696 3931 776 3992 adeo
798 3930 865 4008 ipsc
894 3919 1057 4004 loquentis
1080 3914 1213 3983 vultus,
1237 3924 1298 3985 ¹PS¹

156 4031 258 4105 oculi,
274 4049 359 4109 quac
374 4039 463 4094 certe
481 4033 655 4096 historicus
669 4033 783 4111 nequit
797 4029 994 4110 exprimere,
1012 4035 1126 4102 perere
1139 4031 1203 4075 non
1216 4026 1296 4071 raro

157 4130 296 4207 soleant,
318 4151 453 4218 eosque,
476 4135 534 4213 qui
554 4134 703 4210 audiunt,
727 4130 883 4196 certiores
906 4127 1025 4192 faciant
1046 4128 1172 4194 utrum,
1195 4127 1300 4194 quum
