2986 4912
512 314 543 360 lh
567 311 703 359 tondit!
725 308 974 358 consustinuit!

610 499 862 553 CCllllENleilVbl

175 831 205 874 v.
231 811 262 875 2.
291 750 512 874 Nicodemus
533 809 676 872 nondum
696 809 854 871 didicerat
874 807 981 871 lesum
1006 825 1075 870 esse
1103 804 1261 872 Christum
1280 812 1323 890 fi·

175 912 255 974 lium
278 909 350 986 Dei,
378 913 438 975 etsi
461 912 655 992 prophetam
682 915 923 991 proptereaque
954 929 976 972 a
995 907 1061 971 Deo
1083 910 1216 973 missum
1245 929 1321 974 cre·

175 1014 276 1076 dcrct.
298 1011 389 1076 Nihil
410 1013 601 1091 interrogat,
622 1017 764 1073 attamen
785 1010 982 1073 desiderium
1003 1010 1144 1073 discendi
1163 1011 1316 1075 ostendit.

252 1133 284 1177 v,
306 1111 337 1178 3.
365 1111 514 1177 Christus
539 1113 621 1174 mira
642 1113 786 1189 rationo,
808 1116 908 1191 atque
928 1111 974 1174 ita
994 1116 1032 1174 ut
1051 1112 1141 1174 aliud
1161 1113 1320 1193 quodque

173 1235 216 1278 ex
242 1213 308 1278 alio
335 1214 518 1291 exoriatur,
545 1219 689 1293 quatuor
714 1213 881 1294 potissima
904 1211 938 1274 in
955 1213 1018 1275 hoc
1042 1231 1191 1276 sermone
1217 1212 1320 1278 Nico-

174 1318 305 1381 demum
332 1316 454 1392 docuit‚
484 1334 582 1396 quae,
610 1316 755 1396 inquam,
777 1313 912 1377 credero
933 1319 1064 1394 oportet
1084 1313 1124 1376 de
1147 1331 1233 1378 nora
1253 1317 1320 1395 spi-

175 1419 262 1481 ritali
288 1418 429 1495 natione,
451 1417 492 1480 de
510 1417 580 1498 ipso
604 1414 747 1493 Christo,
772 1415 813 1477 do
833 1414 932 1478 huius
952 1432 1052 1494 opere
1072 1414 1113 1476 ad
1134 1414 1221 1494 qnod
1242 1433 1320 1497 por·

175 1519 347 1582 [iciendum
374 1518 489 1581 missus
512 1523 583 1594 est,
614 1517 655 1579 dc
685 1515 889 1578 damnatione
916 1533 1033 1577 corum
1056 1515 1115 1595 qui
1142 1516 1224 1578 hace
1251 1535 1318 1580 non

175 1621 323 1685 credunt.
347 1619 492 1684 Doccndi
514 1619 641 1682 initium
668 1617 767 1696 iacit,
797 1623 836 1680 nt
861 1617 1056 1697 oportebat,
1086 1634 1106 1679 a
1133 1634 1238 1681 norae
1263 1637 1321 1681 na-

174 1723 270 1785 tionis
290 1723 491 1800 neccssitate,
513 1722 704 1800 metaphora
725 1715 1036 1801 usus—Hodierni
1049 1713 1243 1796 Aristarchi,
1260 1721 1320 1802 qui

175 1823 292 1904 culpae
311 1827 446 1885 vertunt
465 1820 635 1900 interpreti
653 1818 788 1897 vulgato
807 1816 891 1880 illud
912 1817 1013 1878 denuo
1036 1835 1099 1897 pro
1115 1810 1231 1886 ἀνωθεν
1244 1820 1322 1882 red-

176 1926 293 2004 ditum,
317 1927 428 2006 legant
447 1923 520 1990 Gal.
544 1923 647 2002 1v‚9.
672 1922 709 1984 ln
730 1940 846 2002 graeca
859 1921 976 2001 pagina
989 1928 1040 1984 est
1051 1921 1198 2016 γεννηέῃ,
1211 1925 1318 2005 quod,

176 2046 241 2089 non
266 2037 410 2104 renatus,
428 2028 485 2092 sed
508 2036 604 2090 natus
625 2023 724 2107 [uerat
746 2024 917 2105 signiticat3
938 2022 1135 2090 Nicodemus
1159 2029 1323 2094 intellexit

176 2124 343 2193 Christum
361 2131 456 2210 loqui
476 2130 516 2192 de
537 2131 654 2192 iterata
674 2127 803 2190 natione
824 2144 856 2189 v.
878 2119 899 2190 lt
905 2145 918 2206 3
937 2142 1067 2189 necesse
1081 2147 1159 2210 crgo
1174 2136 1224 2193 est
1235 2131 1321 2195 illud

177 2226 293 2301 ἀνωθεν
306 2232 392 2295 idem
412 2233 522 2297 valeat
541 2248 580 2294 ao
600 2231 711 2291 denuo.
736 2225 833 2303 Quod
846 2228 874 2289 si
886 2223 1003 2295 ἀνωθεν
1016 2227 1049 2289 in
1063 2230 1125 2292 hoc
1141 2231 1216 2295 loco
1233 2232 1322 2297 idem

177 2342 261 2399 esset
288 2355 326 2400 ac
353 2338 528 2408 desursum,
555 2353 621 2397 non
648 2352 687 2396 eo
713 2332 822 2410 modo,
851 2352 918 2413 quo
946 2333 1244 2413 fecit‚Nicodemus
1271 2355 1324 2400 re-

176 2437 365 2515 spondisset.
378 2434 629 2520 chrysostomus
643 2433 802 2496 utramvis
820 2435 1122 2515 interpretationem
1142 2436 1214 2499 fieri
1233 2437 1321 2501 sinit.

176 2570 216 2581 —
235 2534 284 2599 Dc
303 2535 396 2617 requi
416 2534 476 2598 Dei
496 2534 713 2617 appellatione
738 2535 804 2614 legi
823 2542 959 2615 possunt
978 2555 1064 2617 quae
1084 2538 1323 2619 disputavimus

177 2638 208 2698 in
233 2636 302 2700 Lib.
331 2635 380 2698 Ill
406 2638 446 2700 de
472 2635 658 2717 Evangeliis
684 2635 768 2698 Diss.
796 2634 911 2699 XLVI.
940 2635 976 2699 ln
1001 2639 1164 2702 hocloco
1190 2658 1324 2720 reputem

176 2744 225 2801 est
251 2739 394 2819 populus
414 2743 448 2800 et
467 2737 557 2800 ditio.
570 2771 611 2781 -
626 2734 732 2798 Videre
751 2754 883 2816 reputem
903 2736 964 2800 Dei
982 2739 1089 2819 liquet
1109 2740 1233 2804 dictum
1252 2759 1325 2806 esse

176 2856 238 2917 pro
256 2836 391 2900 introire
415 2837 453 2900 io
475 2856 607 2917 requiem
630 2835 690 2899 Dei
718 2856 749 2902 v.
777 2834 808 2900 5.

257 2958 288 3002 v.
300 2935 331 3002 5.
340 2937 568 3019 Metaphoram
579 2937 727 3002 Christus
741 2938 899 3016 declarat,
907 2945 1006 3020 atquc
1020 2946 1200 3021 utrumqne
1214 2941 1324 3020 docet,

179 3040 329 3120 baptismi
350 3041 494 3119 inquam,
524 3059 583 3120 pcr
604 3059 701 3119 quom
726 3040 947 3117 renascimur,
978 3046 1048 3102 tum
1072 3042 1232 3104 visibilem
1257 3041 1327 3120 ior·

179 3157 265 3201 mam
286 3141 420 3204 vocibus
442 3159 481 3202 erc
501 3160 598 3222 aquo,
624 3148 694 3204 tum
717 3141 911 3205 invisibilem
936 3142 1073 3221 gratiam
1097 3142 1232 3207 vocibus
1253 3140 1328 3224 Spi-

179 3237 247 3302 ritu
266 3249 386 3305 sancto.
412 3239 595 3306 Concilium
622 3240 847 3305 Tridentinum
867 3242 908 3304 dc
929 3243 1026 3307 huius
1045 3244 1112 3307 loci
1131 3245 1328 3326 interpreta-

181 3340 268 3403 tione
292 3342 516 3422 pronuntiavit
531 3340 584 3422 (l).
1097 3331 1099 3334 ’

261 3460 292 3504 v.
319 3439 350 3506 6.
378 3441 427 3505 Re
454 3442 487 3504 in
518 3462 550 3507 v.
576 3441 597 3507 5
621 3445 796 3525 explicata,
826 3443 975 3509 Christus
998 3464 1084 3510 nunc
1108 3443 1327 3511 Nicodemum

182 3540 276 3604 docet
303 3544 382 3622 quid
403 3546 588 3624 peccaverit
611 3546 644 3606 in
667 3546 833 3626 prioribus
867 3548 966 3627 ipsius
996 3544 1117 3610 Christi
1143 3547 1252 3610 vorbis
1279 3547 1329 3610 in-

184 3643 376 3724 telligendis3
398 3646 550 3709 videlicet
570 3665 646 3709 oum
660 3647 859 3711 existimasse
873 3650 924 3728 agi
945 3648 985 3710 dc
999 3646 1164 3727 corporali
1181 3647 1326 3725 natione,

182 3739 348 3806 Christum
369 3763 449 3808 vcro
470 3746 511 3808 do
534 3746 673 3827 spiritali
691 3747 869 3828 loquutum
894 3767 972 3811 osse.
1001 3746 1112 3824 Quum
1136 3747 1221 3809 enim
1246 3749 1330 3812 haec

182 3845 269 3908 natio
290 3865 354 3910 non
375 3866 417 3910 ex
438 3865 536 3911 carne
564 3847 620 3910 fiat
639 3848 695 3912 sed
717 3868 759 3912 ex
779 3850 915 3930 spiritu,
936 3852 1043 3929 liquet
1062 3849 1213 3930 spiritum
1234 3868 1328 3926 esse,

256 4115 295 4180 (1)
315 4117 381 4170 sess.
409 4119 458 4169 Vll
483 4117 515 4169 de
537 4120 611 4183 Bept.
636 4133 692 4171 can.
718 4119 744 4168 2.
