2986 4912
533 327 636 376 carvr
658 329 799 375 necinvn
823 327 953 398 sir-xiva
1254 308 1314 378 195

167 415 268 478 verba
289 414 497 496 interpretari
518 420 672 495 oportere
694 415 790 477 facile
811 415 922 491 dabis,
945 414 971 477 si
994 414 1086 476 nobis
1107 414 1312 492 assentiaris,

169 516 257 593 quod
278 515 499 592 ostendimus,
522 532 560 577 ea
582 533 646 577 non
667 514 846 578 exordium
879 515 1118 594 insequentium
1147 533 1238 592 esse,
1259 514 1316 578 sed

168 616 317 694 priorum
339 617 589 678 conclusionem.

249 715 364 780 Altera
386 719 483 780 huius
498 736 613 780 versus
636 734 711 797 pars
739 717 891 797 precandi
912 717 1046 780 modum
1060 736 1117 780 uos
1132 719 1227 782 docet
1247 737 1319 798 pre·

169 837 311 899 cumque
332 818 518 882 efficaciam.

249 939 281 984 v.
311 917 361 986 ab.
393 919 545 984 Hortatio
580 920 621 982 ad
657 920 703 982 ita
737 919 948 1000 precandum.
980 919 1087 983 Huius
1118 921 1167 983 rei
1194 923 1319 985 emolu·

170 1028 326 1084 mentum.

251 1142 283 1186 v.
305 1121 356 1187 25.
380 1123 481 1199 Haec,
506 1142 591 1204 quae
617 1124 710 1187 vobis
729 1140 815 1185 nunc
834 1113 957 1201 loquor
979 1123 1018 1185 de
1039 1142 1173 1203 precum
1195 1125 1319 1188 ratione

172 1242 210 1286 ac
231 1226 432 1301 necessitate,
455 1225 540 1288 sicut
559 1231 593 1288 et
615 1225 681 1286 aliu
695 1225 813 1299 multa,
829 1228 866 1283 iri
882 1223 1062 1301 proverbiis
1082 1226 1318 1306 seuparabolis

171 1325 251 1388 alias
273 1326 396 1386 loeutus
415 1344 483 1387 sum
504 1324 610 1398 uobis,·
639 1344 756 1389 verum
776 1321 908 1425 ἔρχεται
933 1323 1020 1386 venit
1043 1324 1204 1405 (tempore
1225 1345 1319 1407 prae-

171 1425 268 1508 senti)
291 1427 548 1502 hermenriant
568 1447 634 1491 uon
648 1429 684 1491 iri
698 1429 875 1510 proverbiis
896 1433 1009 1512 loquar
1033 1428 1133 1501 uobis,
1155 1438 1184 1491 et
1205 1439 1316 1491 cetere.

171 1527 258 1594 Nam
278 1530 376 1592 etiarn
393 1530 434 1592 ad
448 1531 649 1611 precandum
665 1529 813 1596 Christus
828 1533 1003 1614 discipulos
1018 1533 1168 1594 hortatus
1186 1532 1321 1594 subinde

174 1630 285 1694 iuerat
315 1632 481 1711 parabolis
520 1633 692 1709 adhibitis,
715 1634 799 1696 sicut
819 1635 852 1695 in
872 1632 989 1696 Matth.
1013 1631 1089 1708 VII,
1112 1629 1142 1697 9.
1164 1629 1217 1712 103
1238 1631 1318 1695 Luc.

171 1729 232 1804 XI,
253 1727 359 1796 5-10.
382 1728 421 1795 It
435 1729 515 1811 -133
539 1730 669 1808 XVIII,
691 1729 784 1813 1-63
806 1735 874 1810 sed,
896 1740 1069 1814 postquam
1085 1732 1228 1812 iusvitam
1249 1733 1322 1795 red·

173 1832 244 1913 irit,
269 1832 430 1911 parabolis
453 1850 632 1911 numquam
654 1852 732 1896 usus
755 1840 813 1896 est.

254 1951 308 1995 vv.
331 1929 381 1996 26.
412 1930 463 1996 27.
494 1929 616 1995 Caussa
648 1935 824 2014 exponitur
856 1953 916 1997 cur
945 1933 1097 2015 precibus
1119 1951 1157 1995 ea
1178 1933 1319 1996 efficacia

172 2034 225 2096 sit.
249 2031 397 2097 Christus
429 2033 559 2095 minime
584 2039 681 2112 negat
702 2052 736 2094 se
756 2033 842 2114 patri
863 2052 976 2113 preces
997 2051 1057 2112 pro
1085 2033 1175 2095 nobis
1196 2032 1319 2094 adhibi-

173 2140 310 2211 turum,
332 2135 388 2197 sed
409 2134 455 2196 ait
475 2153 509 2197 se
529 2134 561 2195 id
582 2153 648 2197 nou
667 2133 797 2211 dicere,
820 2134 976 2214 significat
1006 2141 1117 2196 autern
1149 2152 1224 2197 eum
1246 2152 1316 2196 esse

175 2235 277 2315 patris
297 2252 374 2314 erga
396 2252 452 2297 nos
473 2252 632 2310 amorem,
648 2240 697 2311 ut,
714 2235 840 2297 etiamsi
853 2236 920 2315 ipse
936 2233 1085 2297 Christus
1107 2252 1170 2297 non
1191 2241 1317 2314 patrem

173 2354 234 2416 pro
255 2336 345 2399 nobis
366 2343 581 2415 precaretur,
605 2337 723 2399 nostris
745 2338 898 2418 precibus
920 2337 1129 2400 nihilominus
1151 2342 1244 2417 pater
1266 2354 1321 2397 an-

176 2443 302 2500 nueret.
327 2435 421 2500 Fides
443 2444 475 2500 et
497 2455 591 2500 amor
621 2444 732 2500 noster
753 2456 830 2517 erga
846 2433 1012 2500 Christum
1034 2443 1110 2499 sunt
1129 2437 1186 2516 qui
1213 2435 1320 2499 Deum

175 2539 217 2601 ad
237 2557 295 2602 nos
316 2538 489 2601 amandum
514 2538 756 2619 quodammodo
778 2539 990 2618 compellunt,
1012 2538 1064 2600 hic
1086 2544 1195 2599 autem
1209 2535 1268 2599 Dei
1289 2538 1322 2600 iu

175 2659 234 2703 nos
255 2658 347 2702 amor
368 2657 431 2702 non
451 2640 526 2702 sinit
547 2640 655 2721 ipsum
676 2640 768 2702 nobis
790 2641 997 2719 precantibus
1018 2639 1262 2701 obsurdescere.

254 2760 287 2804 v.
310 2737 360 2804 28.
384 2738 497 2803 VeIuti
521 2741 666 2804 diceret:
691 2739 740 2803 Ita
762 2740 894 2821 quidem
921 2747 971 2803 est
981 2784 995 2814 ,
1019 2746 1058 2802 ut
1082 2758 1139 2801 vos
1165 2738 1318 2818 creditis3

178 2837 266 2901 exivi
285 2859 306 2901 u
328 2848 442 2919 putre,
466 2848 494 2902 et
514 2839 588 2901 veni
608 2838 644 2902 iri
664 2841 836 2914 mundum
858 2859 944 2902 nunc
965 2845 1072 2902 tamen
1093 2835 1205 2900 iterum
1225 2836 1323 2900 reliu-

175 2958 236 3020 quo
256 2941 420 3013 muudum,
443 2949 471 3002 et
491 2942 572 3002 vedu
593 2942 636 3002 ud
650 2949 784 3021 patrem.
1072 2999 1075 3005 .

255 3061 309 3106 vv.
330 3039 380 3106 29.
408 3036 459 3108 30.
490 3040 642 3105 Attamen
670 3044 752 3106 haec
782 3043 895 3105 eadem
928 3039 1190 3116 Christus,·nec
1216 3039 1322 3103 minus

177 3151 308 3226 aperte,
331 3145 410 3207 alias
432 3145 571 3207 dixerat.
596 3143 658 3208 Sed
680 3146 763 3209 illud
795 3146 1030 3226 discipulorum
1062 3143 1186 3206 animos
1206 3160 1325 3224 percu-

174 3245 251 3309 lisse
272 3246 413 3322 videtur,
437 3246 525 3325 quod
548 3246 671 3308 iactum
694 3252 848 3309 narratur
870 3247 954 3310 inv.
978 3242 1028 3311 19.

256 3366 310 3412 vv.
332 3344 383 3410 31.
405 3344 455 3410 32.
479 3344 698 3410 Confidentius
720 3348 872 3426 fortasse,
895 3348 981 3410 sicut
1001 3347 1140 3426 legimus
1162 3346 1194 3408 iu
1217 3364 1247 3408 v.
1269 3340 1322 3421 30,

175 3448 325 3529 discipuli
349 3447 487 3528 professi
518 3448 648 3511 fuerant
679 3449 813 3511 credere
845 3467 879 3511 se
915 3448 1001 3528 quod
1025 3444 1173 3509 Christus
1204 3463 1223 3506 u
1253 3442 1323 3508 Deo

176 3549 327 3614 exiverit.
343 3547 454 3624 Quare
477 3546 625 3612 Christus
646 3568 701 3611 eos
728 3555 838 3611 monet
851 3568 891 3610 ne
907 3548 1020 3610 desua
1036 3548 1096 3627 ipsi
1111 3547 1173 3607 tide
1195 3545 1324 3608 omnino

175 3651 285 3714 securi
312 3650 386 3726 sint,
417 3669 502 3730 quae
523 3669 613 3727 mox,
636 3650 693 3712 illa
718 3651 786 3730 ipsa
806 3656 913 3726 nocte,
936 3650 1028 3728 gravi
1049 3647 1223 3710 discrimini
1244 3646 1323 3708 obii-

179 3752 291 3816 eienda
322 3757 415 3813 esset.
439 3749 524 3830 Lege
556 3750 625 3813 Lib.
650 3750 681 3812 II
710 3752 750 3814 de
780 3750 964 3830 Evangeliis
997 3745 1115 3812 hnnot.
1150 3745 1324 3811 CLXVIII.

176 3853 258 3916 Ecce
279 3849 409 3953 ἔρχεται
436 3850 522 3913 venit
544 3852 709 3932 (tempore
732 3849 907 3932 praesenti)
930 3851 1029 3923 bora,
1053 3859 1081 3912 ct
1101 3848 1167 3910 ium
1187 3843 1323 3927 ἐληλυθη

177 3958 265 4021 uertit
286 3959 448 4039 (temporo
469 3954 678 4037 praetento),
703 3962 739 4016 ut
761 3950 988 4033 disperponrini
1009 3964 1037 4014 et
1056 3961 1166 4016 cetera.

251 4080 283 4124 v.
306 4057 356 4123 33.
379 4057 553 4122 Conclusio
575 4056 677 4119 totius
700 4055 868 4131 sermonis,
886 4053 943 4134 qui
966 4054 1145 4135 descriptus
1167 4054 1325 4133 capitibus

179 4159 260 4224 XIII
275 4194 290 4206 -
307 4158 382 4223 XVI
406 4159 602 4221 continetur.
618 4191 657 4203 -
672 4155 757 4221 Nota
779 4156 859 4218 hacc
891 4154 1068 4218 antitheta:
1092 4152 1132 4218 Iu·
1153 4172 1199 4217 mr
1214 4173 1326 4233 perere
