2986 4912
167 268 207 335 18
509 283 539 329 in
562 281 697 329 ioannes
720 277 969 328 contarenmmvn

170 387 245 434 eum
266 369 306 431 de
327 387 392 449 quo
405 367 606 448 loquebatur
620 366 741 446 quique
755 384 945 445 numquam,
959 367 992 427 in
1006 369 1102 430 terris
1116 367 1193 432 dum
1207 369 1305 447 vixit,

169 473 210 534 ah
231 471 296 534 alio
318 488 484 550 quoquam
504 471 548 531 ita
570 475 704 533 vocatus
726 475 791 546 est,
814 487 919 547 neque
939 468 1191 550 Baptistaeipse
1214 490 1309 533 caar-

168 570 256 634 ravit
275 591 358 652 quae
373 573 425 635 hic
438 573 606 653 leguntur,
621 572 677 635 sed
691 572 916 651 evangelistae.
932 571 1017 652 Lege
1037 571 1308 657 Chrysostomum

170 681 203 736 et
223 672 394 758 Cyrillum.
406 671 544 749 -Quid
564 674 606 736 sit
620 671 786 753 plenitudo
807 674 964 754 intelliges
985 671 1139 750 cxv.1lt,
1162 693 1308 754 quocum

170 795 202 838 v.
224 773 265 840 16
285 775 476 855 iungendum
499 776 552 837 hie
572 775 706 837 effectus
728 781 788 851 cst,
811 775 878 836 illic
899 793 1023 837 caussa.
1036 772 1235 837 —Gratiam
1244 796 1311 856 pro

169 875 277 956 qratia
299 895 413 956 graece
433 896 536 974 χαριν
551 871 626 944 ἀντι
640 896 789 976 perperos,
810 876 899 953 quod
920 875 1051 954 qnidam
1069 875 1253 957 intelligunt
1266 896 1310 939 ac

169 978 197 1040 si
217 979 325 1042 italice
355 981 537 1044 diceremus
567 980 675 1061 prozie
709 1000 803 1060 sopra
828 978 947 1059 prezie.
971 976 1032 1042 Sed
1064 979 1174 1042 verius
1202 977 1312 1061 Chry-

170 1085 331 1143 sostomus
352 1087 386 1144 et
406 1080 549 1164 Cyrillus
580 1082 744 1162 explicant
765 1083 902 1161 gratiam
921 1100 1026 1144 novae
1051 1081 1135 1160 legis
1151 1099 1214 1160 pro
1233 1099 1310 1158 gra-

173 1179 216 1242 tia
236 1183 356 1244 veteris
376 1184 469 1264 legis3
491 1204 555 1247 non
575 1191 685 1248 autem
706 1184 798 1264 quasi
813 1204 917 1283 χαρις
928 1202 1073 1262 unquam
1089 1182 1245 1262 significet
1263 1181 1309 1241 le-

170 1304 250 1364 yem,
278 1286 467 1368 frustraque
491 1289 568 1350 hnic
592 1288 851 1370 interpretationi
877 1290 1053 1370 opponitur
1081 1289 1167 1368 qnod
1198 1308 1308 1384 χαρτς

171 1398 312 1470 nequeat
330 1394 511 1473 significare
532 1398 637 1478 lepem.
661 1398 757 1461 Ratio
778 1404 899 1472 autem,
923 1413 984 1456 cur
997 1395 1100 1456 altera
1114 1394 1311 1472 interpreta-

173 1490 218 1553 tio
239 1494 463 1573 praeferenda,
485 1498 542 1560 illa
568 1500 636 1579 ipsa
660 1506 709 1563 cst
732 1505 867 1581 propter
893 1515 991 1577 quam
1014 1495 1144 1574 quidam
1169 1495 1310 1575 primam

172 1595 375 1673 praeierunt,
388 1600 488 1677 quod,
500 1600 644 1680 inquam,
657 1623 761 1694 χαρις
777 1601 809 1660 in
828 1617 927 1663 versu
939 1604 1094 1674 sequente
1107 1594 1146 1660 17
1161 1619 1204 1691 τῳ
1218 1617 1312 1688 νομῳ

173 1696 234 1776 leyi
253 1700 445 1782 simpliciter
456 1711 650 1787 opponatur.
673 1705 805 1770 Etenim
825 1725 856 1769 v.
880 1703 918 1768 17
940 1709 988 1766 est
1007 1703 1114 1766 brevis
1135 1702 1311 1782 explicatio

174 1798 319 1864 dictionis
339 1804 476 1882 qratiam
491 1826 552 1886 pro
572 1805 692 1886 pratia,
713 1819 752 1869 ut
772 1808 887 1870 docent
908 1813 977 1869 tum
998 1804 1215 1879 constructio,
1238 1809 1310 1865 tum

174 1903 273 1965 series
293 1906 459 1984 orationis,
483 1914 553 1970 tum
566 1909 666 1972 verba
680 1906 787 1988 pratia
801 1916 829 1969 et
842 1907 958 1969 acrites
973 1907 1121 1969 testantia
1135 1905 1187 1984 agi
1200 1904 1309 1965 adhuc

174 2003 215 2065 de
235 2003 292 2067 illa
307 2006 505 2086 plenitudine
526 2011 565 2072 de
587 2029 651 2089 qua
672 2009 846 2090 acecpimus
863 2007 1001 2089 qratiam
1016 2027 1077 2087 pro
1096 2004 1216 2086 pratia,
1239 2011 1311 2067 tum

175 2104 313 2186 denique
334 2110 415 2172 illud
437 2113 543 2191 quod,
567 2114 594 2175 si
624 2132 715 2175 secus
737 2118 840 2189 essct,
870 2130 960 2173 mera
981 2111 1079 2185 haec,
1102 2127 1187 2188 quae
1209 2109 1309 2182 toret,

154 2291 155 2295 Ἰ
176 2209 299 2286 gratiae
317 2217 351 2273 ct
369 2211 450 2291 legis
470 2215 669 2294 comparatio
682 2233 747 2276 non
766 2214 799 2274 in
817 2215 892 2275 loco
913 2231 982 2274 essc
1002 2212 1180 2274 videretur.
1204 2207 1237 2270 Si
1259 2226 1313 2270 cr-

178 2325 218 2386 go
238 2309 271 2370 in
290 2328 322 2374 y.
345 2308 384 2374 17
406 2312 555 2375 redditur
575 2314 658 2376 ratio
679 2313 841 2376 dictorum
861 2313 893 2372 in
913 2330 945 2375 y.
967 2309 1019 2387 16,
1035 2312 1117 2371 haec
1134 2314 1243 2371 autem
1259 2327 1313 2370 ra-

177 2409 223 2471 tio
243 2416 292 2472 est
310 2414 505 2491 praestantia
527 2416 649 2494 gratiae
670 2434 688 2477 a
710 2413 838 2478 Christo
861 2414 952 2476 nohis
979 2413 1116 2475 collatae
1141 2428 1240 2491 snpra
1264 2409 1313 2471 le-

178 2528 249 2588 gem
270 2530 289 2574 a
310 2512 424 2598 Moyse
445 2516 595 2578 traditam
610 2522 683 2579 arta
697 2536 739 2578 cx
759 2517 827 2596 ipsa
848 2513 967 2579 Christi
981 2533 1059 2595 prae
1073 2511 1187 2595 Moyse
1202 2510 1312 2574 excel-

177 2611 288 2690 lentia,
309 2633 438 2677 necesse
452 2615 550 2678 simul
570 2622 619 2680 est
638 2616 774 2696 qratiam
783 2636 844 2696 pro
856 2615 963 2696 pratia
980 2614 1160 2695 significare
1172 2609 1311 2692 qratiam

178 2729 277 2772 aoaae
297 2711 375 2793 lepis
390 2735 451 2793 pro
470 2713 577 2794 pratia
597 2715 708 2778 veteris
728 2715 815 2796 lepis.

258 2810 307 2875 De
328 2834 359 2877 v.
381 2813 422 2880 18
442 2816 507 2878 duo
528 2824 743 2897 quaeruntur.
767 2818 913 2880 Primum
934 2835 1091 2897 quorsum
1112 2816 1186 2877 illa:
1213 2813 1314 2875 Deam

180 2932 268 2974 aeota
283 2913 364 2977 vidit
376 2934 533 2998 araqaam.
558 2916 805 3003 chrysostomus
820 2923 929 2980 censet
945 2920 1025 2979 hacc
1041 2922 1188 2996 spectare
1202 2915 1242 2976 ad
1256 2915 1313 2978 de-

180 3018 421 3080 monstrandam
442 3018 578 3096 Christi,
605 3021 662 3099 qui
674 3022 788 3100 utique
808 3040 885 3085 ecre
905 3018 1011 3082 Deum
1031 3020 1131 3096 videt,
1153 3018 1315 3080 excellen-

182 3118 260 3180 tiam
273 3139 372 3199 snpra
386 3118 533 3205 Moysen,
556 3123 613 3201 qui
633 3124 693 3186 nisi
714 3123 746 3184 in
766 3122 905 3204 speciem
924 3119 1030 3182 Deum
1049 3139 1114 3182 non
1134 3119 1230 3194 vidit,
1257 3120 1316 3180 sed

182 3237 242 3280 nee
262 3220 372 3284 videre
392 3225 509 3302 potuit.
534 3221 676 3308 Cyrillus
697 3229 792 3304 putat
812 3221 963 3285 loannem
977 3240 1152 3283 occurrere
1166 3220 1318 3282 obiicien-

183 3320 269 3383 tihus
289 3323 384 3401 illud,
406 3325 493 3404 quod
515 3327 652 3405 gloriam
673 3325 793 3390 Christi
807 3325 1004 3387 demonstret
1017 3344 1059 3386 ex
1072 3325 1141 3385 cius
1155 3323 1319 3385 excellen-

184 3425 228 3487 tia
248 3445 348 3507 supra
368 3426 546 3509 Baptistam
570 3437 603 3492 ct
627 3427 784 3510 Moysen,
810 3446 875 3490 non
899 3432 1008 3490 autem
1033 3447 1075 3488 cx
1099 3424 1319 3487 declaratione

184 3527 283 3608 ipsius
306 3531 439 3610 gloriae,
456 3551 554 3610 quam
568 3532 674 3593 aichat
694 3550 729 3592 sc
748 3530 884 3609 vidissc;
905 3529 1100 3610 respondere
1120 3533 1243 3603 autem,
1265 3526 1322 3588 de-

184 3633 424 3694 monstrandam
440 3652 508 3695 esse
524 3633 660 3712 gloriam
674 3629 804 3706 Christi,
820 3650 885 3694 nan
898 3653 940 3694 cx
954 3637 1128 3712 conspectu
1141 3629 1240 3710 ipsius
1257 3628 1320 3703 rei,

185 3732 239 3794 sed
262 3752 303 3795 ex
323 3735 493 3797 eminentia
519 3752 583 3814 qua
613 3739 729 3795 cuncta
755 3737 898 3814 superat.
929 3730 1080 3794 Alterum
1107 3731 1184 3810 quid
1211 3727 1319 3805 illud,

185 3834 272 3911 quod
292 3834 488 3914 areipeaitas,
514 3833 570 3915 qai
590 3843 633 3895 cst
652 3833 688 3894 in
708 3832 783 3895 siaa
798 3833 917 3914 patris,
938 3831 1003 3913 ipse
1024 3831 1197 3894 enarravit.
1215 3828 1324 3912 Cyril-

184 3935 238 3998 lus
258 3941 353 4016 putat
366 3957 435 3999 esse
448 3937 635 4017 illud,quod
645 3935 744 3998 Deam
758 3955 845 3997 aaran
859 3933 940 3996 vidit
953 3954 1109 4016 araqaam.
1122 3933 1203 3996 Item
1218 3931 1325 4012 Chry-

187 4043 346 4101 sostomus
368 4038 501 4102 sensisse
523 4037 701 4114 videretur,
725 4034 1096 4118 prouthlontlauconius
1109 4035 1205 4098 huius
1220 4034 1321 4097 verba
