2986 4912
95 1447 230 1653 Etsi
260 1563 378 1654 nefas
401 1576 466 1656 est
495 1565 690 1658 dubitare
722 1567 944 1687 evangelia
967 1568 1062 1684 pari
1086 1583 1228 1660 auoto-

79 1701 221 1789 ritate
260 1705 401 1791 omnia
442 1732 557 1807 esse,
598 1706 851 1795 sublimitate
886 1717 1028 1795 tamen
1057 1736 1227 1809 rerum,

97 1866 200 1949 quas
220 1840 342 1928 nobis
363 1842 546 1944 exhibet,
579 1843 847 1959 evangelium
875 1844 1043 1930 loannis
1072 1847 1229 1932 ceteris

73 1960 353 2065 'antecellere
383 1991 437 2079 et,
468 1980 539 2092 qui
562 1979 719 2095 legunt,
755 1979 878 2067 faoile
907 1979 1156 2094 pervident,
1186 1991 1229 2068 et

81 2121 239 2224 patres
260 2116 447 2201 unanimi
462 2116 731 2203 affirmarunt.
747 2115 912 2203 Etenim
933 2115 1124 2215 loannes,
1141 2143 1227 2201 non

98 2247 206 2336 adeo
237 2279 345 2364 quae
376 2251 565 2341 Christus
594 2254 724 2369 gessit
758 2262 882 2365 atque
918 2254 1228 2371 agiturque

81 2385 205 2478 ,dixit
225 2416 274 2476 ao
305 2390 460 2493 docuit,
481 2420 589 2504 eque
619 2393 685 2477 his
714 2389 785 2478 illa
813 2391 1089 2504 potissimum,
1120 2419 1228 2503 quae

100 2524 154 2610 de
175 2525 321 2622 divina
349 2528 472 2616 huius
501 2556 684 2642 persona
711 2528 905 2641 binisque
935 2529 1097 2615 naturis
1118 2528 1229 2614 seire

98 2659 291 2763 referret,
312 2663 446 2752 literis
468 2666 711 2780 consignata
738 2663 911 2750 tradere
933 2661 1100 2750 studuit.
1122 2664 1231 2750 Hinc

85 2797 195 2901 illa,
231 2801 524 2888 sublimiorum
564 2802 853 2889 doctrinarum
886 2800 1106 2893 individua
1144 2799 1232 2913 ple-

99 2964 278 3049 rumque
304 2966 458 3040 eomes,
490 2967 573 3052 qua
596 2939 666 3025 hio
695 2938 805 3024 liber
834 2939 1052 3050 premitur,
1084 2937 1233 3024 obseu-

86 3074 202 3164 .ritas
231 3075 413 3190 illaeque
426 3128 430 3133 .
445 3076 706 3164 difficultates
736 3076 889 3188 quibus
924 3074 1127 3162 leotorem
1158 3074 1233 3159 im-

93 3212 248 3324 pedire
283 3214 400 3302 solet.
432 3213 525 3300 Non
561 3214 673 3301 enim
703 3213 966 3300 salebrosum
1001 3213 1232 3324 quidquam

88 3359 172 3439 aut
201 3351 443 3464 implexum,
465 3351 542 3439 sed
564 3351 705 3438 omnia
722 3350 848 3464 plana
873 3360 914 3436 et
932 3348 1093 3460 liquida
1114 3348 1233 3438 inve-

98 3488 237 3575 nimus
266 3489 311 3575 in
346 3517 398 3575 ea
427 3490 569 3603 operis
598 3497 720 3602 parte
755 3516 839 3599 qua
873 3485 1029 3572 Christi
1057 3484 1232 3570 historia

100 3626 354 3727 continetur3
392 3635 456 3714 ast
489 3653 708 3713 sermones
738 3624 792 3711 ab
834 3651 885 3710 eo
919 3623 1062 3722 habiti,
1091 3621 1235 3706 horta-

99 3761 249 3865 tiones,
278 3791 496 3876 responsa,
527 3762 663 3871 effata,
684 3760 933 3861 sententiae,
954 3758 1100 3859 verba,
1123 3785 1232 3869 quae

88 3901 243 4013 ¹operis
277 3930 376 4014 pars
407 3912 471 3989 est
503 3901 630 4015 longo
659 3901 855 4000 maxima,
886 3897 1076 3984 adhaec
1108 3923 1236 4007 expo-

86 4034 244 4125 nenda
276 4047 349 4126 aut
376 4037 512 4126 solum
541 4036 814 4153 intelligenda
844 4035 915 4147 qui
945 4033 1131 4120 animum
1162 4059 1235 4143 ap‘
