2986 4912
533 294 775 347 caesurarum
880 291 883 297 ’
1188 264 1229 350 Bi

89 385 160 443 tum
180 376 290 442 datum
312 376 431 457 luerat,
459 377 587 446 Christo
608 392 788 465 praesente,
811 390 1051 466 proptereaque
1070 401 1135 449 non
1155 393 1230 450 aute

91 482 235 560 quomis
256 500 274 544 e
294 482 429 545 desertis
456 502 608 548 reversus
631 490 724 549 esset.
737 484 960 561 -Quomodo
981 484 1143 566 Baptistae
1157 506 1231 552 ver-

90 579 143 659 ha,
172 601 256 662 quae
281 584 408 645 suntin
434 603 466 649 v.
492 583 691 667 inintelligi
713 587 861 664 debeant,
884 588 1025 650 diximus
1045 588 1077 649 in
1098 589 1162 650 alio
1181 590 1231 652 lo·

89 703 129 746 co
141 681 195 763 (l).
205 718 245 728 -
257 682 299 746 Et
309 703 362 763 eqo
376 684 547 747 nesciebam
562 706 765 767 enm,qraeea
786 684 934 756 sentenia
957 684 1047 782 ᾔδειν
1061 707 1126 749 don
1146 688 1231 751 vide·

90 806 172 861 root,
200 791 233 852 id
258 798 318 869 est,
330 811 432 871 quum
459 794 601 873 primum
627 795 857 871 testimoninm,
881 795 974 857 cuius
995 796 1145 875 proxime
1165 813 1232 857 me·

91 888 195 966 naluit,
226 888 353 954 Christo
378 893 475 968 dedit,
499 899 573 955 ante
597 913 695 972 quam
720 895 747 957 is
767 895 806 956 ad
828 895 1023 975 haptismnm
1044 895 1230 970 accederet,

91 991 237 1053 noudum
261 993 328 1073 ipse
355 995 442 1057 hunc
462 996 600 1059 viderat.

173 1110 227 1155 vv.
250 1089 291 1155 32
307 1091 390 1158 -3t.
414 1092 549 1157 Sextum
574 1094 737 1177 Baptistae
757 1096 988 1158 testimoninm.
1012 1095 1039 1159 Ε
1065 1115 1234 1178 eompara-

95 1189 136 1252 tis
165 1208 219 1253 vv.
249 1188 289 1256 29
317 1198 350 1255 et
374 1189 414 1256 35
443 1193 581 1258 efficitur
611 1196 673 1257 hoe
702 1202 830 1258 sextum
860 1197 1078 1259 testimoninm
1110 1197 1233 1260 dietum

93 1293 211 1356 eodem
232 1295 282 1358 die
303 1315 369 1375 quo
390 1297 550 1376 quintum.
574 1296 644 1360 Imo
657 1298 729 1360 veri
741 1298 846 1360 simile
860 1303 909 1360 est
922 1298 1044 1360 dictum
1059 1298 1157 1362 fuisse
1170 1305 1236 1362 sta-

97 1394 155 1455 tim
179 1403 252 1475 post
272 1398 434 1476 quintum,
457 1400 497 1460 ah
518 1401 580 1461 hoo
601 1407 707 1463 tamen
725 1401 971 1478 secernendum,
993 1406 1032 1463 nt
1051 1400 1119 1481 ipse
1139 1421 1236 1465 evan-

96 1496 213 1574 gelista
236 1497 325 1574 leeit,
352 1498 415 1559 alia
437 1499 521 1560 enim
543 1506 591 1562 est
610 1501 707 1563 huius
731 1501 892 1564 materies.
918 1499 1003 1564 Nam
1023 1499 1166 1582 Baptista
1187 1501 1236 1564 his

97 1613 157 1660 nos
184 1598 281 1661 docet
308 1601 471 1678 quomodo
497 1599 662 1663 Christum
690 1601 880 1679 agnoverit,
915 1605 1119 1680 testaturque
1150 1603 1237 1666 hunc

92 1717 168 1760 esse
192 1697 313 1761 Filium
339 1699 525 1764 Dei—lix
548 1720 580 1763 v.
602 1699 642 1764 33
668 1701 800 1764 videtur
820 1702 929 1781 colligi
951 1698 1116 1766 Christum
1137 1722 1155 1765 a
1176 1701 1238 1765 Ba-

98 1798 196 1878 ptista
216 1818 281 1862 non
305 1801 449 1880 agnitum
475 1801 535 1864 nisi
559 1807 731 1881 postquam
757 1801 813 1863 ille
841 1801 999 1883 baptismo
1023 1803 1155 1866 ablutus
1171 1807 1236 1881 est,

99 1900 301 1962 contrarium
323 1907 433 1964 autem
461 1921 503 1964 ex
527 1901 643 1965 Matth.
672 1900 732 1978 111,
760 1899 872 1966 13-15
883 1907 973 1964 certo
995 1903 1150 1984 efficitur3
1173 1923 1238 1984 qua

95 1999 286 2064 difficultate
294 2003 440 2082 graviter
457 2022 491 2065 se
504 2004 704 2067 commoveri
724 2002 923 2081 Augustinus
943 2004 1129 2084 profitetur.
1146 2003 1239 2068 llane

96 2097 233 2163 Toletus
252 2102 329 2165 satis
350 2102 456 2165 diluit.
484 2101 598 2182 ltaque
612 2104 717 2184 primo
731 2103 950 2166 animadverte
969 2103 1053 2165 illud
1067 2102 1239 2167 nesciebam

93 2203 206 2265 solum
228 2204 409 2284 significare
438 2203 603 2268 Christum
630 2206 773 2268 nondum
802 2204 913 2269 loanni
943 2206 982 2268 de
1011 2206 1093 2268 laeie
1124 2213 1239 2271 notum

98 2304 211 2383 luisse,
234 2307 321 2386 qnod
349 2314 485 2388 apparet
498 2327 540 2370 ex
555 2326 671 2386 graeco
694 2303 753 2377 οὐκ
776 2304 867 2403 ᾔδειν
888 2326 953 2370 non
978 2305 1133 2382 cicerem,
1155 2309 1241 2372 Sicut

98 2424 132 2480 et
151 2419 184 2480 in
203 2438 235 2481 v.
258 2416 308 2483 31.
331 2418 454 2483 Deinde
469 2419 597 2482 attonde
618 2422 656 2479 ut
676 2415 838 2497 particule
856 2417 986 2479 sednon
998 2417 1182 2481 necessario
1193 2402 1240 2478 inss

101 2520 273 2599 telligenda
293 2521 338 2584 ita
357 2522 410 2597 sit,
425 2539 463 2583 ac
483 2521 525 2597 si,
553 2538 637 2598 quae
657 2524 856 2596 sequuntur,
883 2518 1036 2580 indicium
1066 2518 1243 2600 proderent

99 2619 263 2702 Baptistae
283 2640 302 2684 a
322 2620 392 2685 Deo
413 2622 537 2697 datum,
561 2640 603 2683 ex
624 2639 690 2699 quo
712 2617 877 2682 Christum
895 2625 1097 2698 agnosceret3
1113 2637 1188 2680 nam
1209 2626 1243 2682 et

100 2723 133 2783 in
154 2741 185 2784 v.
207 2719 247 2786 31
268 2720 481 2785 haeo'cadem
501 2720 662 2802 particula
683 2724 744 2795 est,
766 2725 801 2781 at
827 2708 915 2781 certe
936 2737 1012 2781 eum
1035 2737 1166 2782 sensnm
1185 2719 1243 2780 nd-

99 2821 291 2885 cersoticnm
311 2842 375 2886 non
395 2824 501 2886 hahet.
519 2822 675 2902 Sequitur
693 2826 732 2883 nt
761 2819 895 2883 Ioannes
909 2840 973 2884 non
993 2820 1025 2881 id
1040 2821 1137 2898 dicat,
1153 2822 1242 2900 quod

61 2950 64 2959 ·
99 2926 205 3002 prima
224 2924 330 3004 specie
351 2925 459 2987 dicere
473 2924 615 2999 videtur,
631 2941 736 3000 neque
751 2921 944 2984 adversetur
958 2919 1136 2984 Matthaeo.
1154 2918 1242 2997 Quid

100 3042 180 3105 ergo
199 3025 257 3087 ille
277 3024 385 3088 dicere
405 3022 602 3088 vultllllud
622 3022 794 3084 nesciebam
814 3023 883 3085 sive
904 3040 969 3082 non
993 3020 1134 3083 nidorem
1156 3022 1188 3083 in
1207 3026 1239 3107 r.

99 3121 140 3188 31
164 3131 289 3206 spectat
312 3126 352 3188 ad
380 3127 480 3190 verba
507 3125 656 3206 proxime
677 3125 915 3206 praecedentia,
931 3141 1108 3202 sensusque
1123 3124 1167 3183 ihi
1195 3129 1244 3185 est

94 3221 281 3305 ‚Baptistam
302 3223 431 3290 Christo
452 3227 536 3289 illud
557 3226 699 3306 primum
724 3225 965 3300 testimonium,
992 3223 1080 3302 quod
1105 3241 1245 3285 comme-

102 3332 211 3389 morat
230 3327 262 3387 in
282 3346 314 3390 v.
336 3323 388 3404 30,
411 3327 536 3390 dedisse
551 3334 723 3406 antequam
743 3327 770 3389 is
792 3327 917 3390 veniret
938 3325 1102 3406 adipsum
1123 3330 1156 3386 et
1176 3325 1243 3404 ipse

100 3444 178 3488 eum
203 3427 338 3490 videret.
367 3425 441 3491 Huc
464 3429 542 3490 item
565 3434 689 3508 spectat
711 3427 850 3489 verhum
875 3424 1046 3487 nesciebam
1073 3425 1105 3484 in
1131 3443 1163 3486 v.
1190 3419 1239 3486 33.

102 3525 216 3603 Quare
229 3527 374 3610 Baptista
388 3530 544 3609 signifieat
563 3549 597 3592 se
618 3530 724 3610 primo
738 3529 777 3591 de
792 3525 921 3592 Christo
937 3526 1156 3590 testimoninm
1170 3541 1244 3603 per-

103 3629 245 3693 hibuisse
266 3651 368 3710 quum
381 3631 525 3694 nondum
539 3631 625 3693 hunc
640 3631 777 3695 viderat.
794 3628 952 3692 Indicium
970 3647 1050 3691 vero
1065 3627 1125 3689 sihi
1139 3645 1157 3687 a
1171 3623 1242 3687 Deo

103 3734 298 3812 promissum
318 3753 382 3798 non
402 3735 528 3814 signnm
550 3731 708 3802 δεικτικον
730 3737 802 3794 erat
822 3732 862 3794 ad
884 3728 1051 3793 Christum
1072 3743 1246 3807 agnoscen-

101 3839 193 3919 dum,
216 3841 272 3905 sed
292 3841 523 3920 necionemqno
544 3845 676 3921 accepto
698 3859 775 3902 mox
801 3841 839 3901 de
865 3836 994 3902 Christo
1024 3832 1243 3898 testimoninm

176 4080 215 4163 (ll⁴
234 4082 270 4133 Be
293 4080 428 4147 interpret.
454 4080 541 4146 script.
562 4079 592 4130 L.
613 4078 635 4130 l.
659 4091 686 4129 n.
710 4074 772 4126 201.
