2986 4912
396 353 480 453 IN
533 260 934 456 IOANNEM

264 593 1081 729 eennrrrrnrrvn
1219 536 1223 543 ¹

494 875 849 923 *wa-ew*

584 1136 725 1200 CAPVT
747 1137 761 1199 l

211 1361 229 1439 1
263 1281 319 1442 ln
359 1367 537 1464 principio
574 1379 655 1440 erat
692 1367 866 1452 verbum,
900 1382 939 1442 et
975 1371 1128 1443 verbum
1165 1387 1243 1446 eret

100 1495 195 1591 apud
223 1491 355 1580 Deum,
385 1507 424 1568 et
451 1493 549 1568 Deus
578 1506 659 1567 erat
687 1495 854 1569 verbum.
1186 1512 1188 1516 ·

207 1620 233 1698 2
261 1622 346 1698 Hoe
366 1636 447 1697 erat
474 1626 510 1696 in
539 1623 718 1720 principio
746 1624 842 1721 apud
870 1623 1001 1698 Deum.

207 1746 393 1828 30mnia
430 1777 496 1850 per
538 1752 660 1849 ipsum
697 1752 794 1825 sacta
830 1758 941 1828 sunt:
977 1767 1015 1827 et
1048 1757 1124 1829 sine
1163 1756 1242 1853 ipso

99 1882 235 1957 factum
266 1895 325 1956 est
351 1881 454 1967 nihil,
484 1882 580 1978 quod
608 1881 744 1955 factum
773 1894 848 1966 est,

208 2004 233 2084 [ι
261 2012 299 2084 in
327 2011 407 2109 ipso
435 2010 511 2085 vita
539 2024 636 2097 erat,
662 2023 701 2084 et
727 2009 803 2083 vita
832 2023 913 2084 eret
941 2013 1005 2086 lux
1032 2013 1239 2086 hominnm:

207 2134 232 2214 5
262 2152 301 2215 et
328 2140 392 2214 lux
420 2141 458 2213 in
477 2141 639 2215 tenebris
667 2141 778 2222 lucet,
799 2153 837 2214 et
855 2139 1027 2214 tenebrae
1056 2164 1139 2214 eam
1168 2165 1241 2215 non

99 2270 469 2367 comprehenderunt.

209 2392 233 2472 6
261 2398 345 2472 Fuit
363 2399 473 2472 homo
498 2397 632 2471 missus
660 2423 680 2471 a
709 2398 807 2485 Deo,
832 2400 889 2472 cui
914 2422 1049 2472 nomen
1076 2412 1157 2471 erat
1186 2399 1248 2472 10⁴

100 2548 227 2600 annes.

210 2647 234 2726 7
262 2653 329 2727 Hic
348 2655 449 2729 venit
477 2656 512 2727 in
542 2655 792 2729 testimonium
817 2669 858 2730 ut
885 2655 1137 2741 testimonium
1158 2677 1243 2751 perv

101 2783 246 2858 biberet
272 2784 317 2857 de
345 2783 497 2871 lumine,
517 2797 559 2858 ut
586 2808 714 2858 omnes
734 2784 925 2868 crederent
944 2783 1145 2882 perillum.

209 2904 333 2986 8110n
362 2928 442 2988 erat
470 2913 529 2986 itte
558 2913 638 2999 lux,
669 2914 733 2986 sed
765 2925 807 2986 ut
834 2912 1088 2987 testimonium
1119 2910 1244 3010 perhi-

56 3115 60 3119 ,
100 3038 205 3114 beret
232 3040 277 3113 de
305 3039 457 3115 lumine.

207 3162 231 3242 9
259 3168 350 3244 Erat
377 3170 442 3245 lux
469 3195 573 3258 vera,
607 3194 688 3268 quae
724 3170 908 3245 illuminat
941 3194 1090 3245 omnem
1118 3170 1242 3245 homi-

99 3320 183 3371 nem
211 3299 426 3373 venientem·
448 3300 484 3373 in
511 3301 609 3374 hune
624 3300 826 3374 mundum.

206 3419 255 3500 10
284 3428 321 3500 in
349 3428 485 3501 nrundo
513 3441 606 3513 erat,
635 3440 674 3501 et
697 3428 854 3501 mundus
877 3451 943 3525 per
971 3427 1092 3524 ipsum
1121 3426 1241 3500 faetus

94 3568 166 3641 est,
195 3567 233 3629 et
261 3556 420 3631 mundus
448 3579 532 3629 eum
560 3580 633 3630 non
662 3558 845 3654 cognovit.

203 3676 250 3760 11
283 3686 324 3758 Ιιι
343 3685 489 3783 propria
513 3686 627 3770 venit,
648 3699 686 3760 et
713 3685 770 3758 sui
798 3707 883 3759 eum
903 3708 975 3758 non
1003 3695 1236 3781 receperunt.

202 3805 252 3886 12
272 3825 453 3912 quotquot
472 3825 597 3888 autem
615 3826 834 3911 receperunt
857 3835 956 3898 eum,
976 3812 1076 3887 dedit
1099 3813 1152 3885 eis
1172 3834 1239 3908 pe-

93 3932 267 4017 testatem
293 3943 385 4020 filios
409 3943 475 4020 Dei
509 3943 604 4031 fieri,
629 3943 704 4031 his,
733 3944 795 4043 qui
835 3943 990 4018 eredunt
1020 3940 1232 4017 innomine

92 4091 193 4144 erus:
