2986 4912
169 301 210 370 50
491 321 522 367 m
544 318 681 367 {osunen
704 315 955 364 counrnrnmvu

168 414 201 467 ta
221 404 258 468 in
277 425 336 467 sua
353 406 463 485 patrio
483 406 629 467 honorem
649 425 714 466 non
735 405 841 478 debet,
865 423 1007 484 quorum
1037 405 1152 466 similia
1181 405 1263 467 alias
1285 403 1313 464 is

167 507 250 570 dixit
269 507 309 568 de
330 507 525 572 Nazaretho.
548 506 742 581 Enimvero,
773 507 800 568 sl
814 507 860 573 de
882 505 1067 569 Nazaretho
1089 505 1173 567 dicta
1198 503 1310 567 esseut

170 631 255 692 quae
275 615 350 672 sunt
370 610 401 669 in
423 610 484 670 hoc
506 627 536 669 v.
565 602 622 683 dl,
653 615 741 671 certe
769 627 833 668 non
863 608 946 669 ratio
974 609 1055 669 haec
1084 626 1153 669 esse
1182 613 1318 687 poterat

171 718 209 774 ut
230 710 377 775 Christus
398 729 415 772 e
437 707 556 771 Iudaea
579 708 701 770 rediret
722 709 753 768 in
776 707 967 782 Galilaeam,
991 708 1107 788 inqua
1132 711 1212 770 hacc
1238 708 1321 770 urbs

172 813 276 893 posita
297 814 384 885 erat,
414 828 591 888 sensusque
619 806 747 870 loannis
775 826 832 870 nos
853 809 980 870 lateret.
1006 806 1090 871 Tum
1116 806 1256 870 Ioannes
1288 810 1323 869 iu

128 960 134 972 .
172 914 329 976 hocloco
351 910 573 975 Nazarethum
593 928 633 970 ue
655 910 831 971 nominavit
852 909 994 986 quidem.
1018 907 1133 986 Neque
1155 908 1245 971 dieas
1268 906 1324 969 Ie·

171 1032 245 1076 sum
265 1031 282 1074 e
303 1010 424 1072 Iudaea
446 1028 617 1073 reversum
637 1011 743 1088 primo
772 1009 866 1072 ivisse
895 1007 1147 1082 Nazarethum,
1177 1009 1210 1069 id
1241 1027 1323 1072 vero

175 1110 328 1175 loannem
348 1129 484 1173 narrare
506 1110 661 1186 omisisse3
684 1110 871 1171 inconcinne
892 1109 977 1170 cuim
998 1109 1024 1169 is
1046 1109 1210 1171 rationem
1231 1115 1322 1171 attu-

173 1213 265 1274 lisset
278 1211 347 1273 eius
362 1211 450 1289 quod
464 1209 594 1270 minime
608 1214 813 1284 narraverat,
828 1213 924 1286 teque
940 1209 1077 1270 collatio
1093 1209 1256 1272 refutaret
1271 1228 1327 1271 eo·

180 1330 255 1372 rum
277 1330 361 1389 quae
382 1315 458 1372 sunt
479 1309 511 1370 in
534 1327 565 1370 v.
589 1304 629 1373 54
650 1313 683 1370 et
703 1308 735 1369 in
755 1307 835 1370 Luc.
859 1305 916 1383 lv,
938 1305 989 1371 23.
1016 1307 1102 1388 Lege
1122 1307 1192 1371 Lib.
1223 1306 1255 1370 11
1285 1308 1324 1371 de

180 1410 365 1490 Evangeliis
388 1407 510 1471 Aunot.
533 1407 652 1470 XXIV.
934 1394 937 1399 ⁴

260 1530 292 1573 v.
314 1505 365 1575 45.
388 1509 462 1572 Non
482 1515 590 1571 tamen
610 1509 769 1572 miracula
791 1507 1037 1592 Hierosolymae
1054 1509 1205 1573 Christus
1228 1511 1322 1574 iecis-

183 1630 217 1673 se
238 1611 379 1673 videtur.
402 1608 488 1688 Lege
508 1628 540 1673 v.
561 1607 602 1674 54
623 1615 655 1671 et
670 1607 716 1671 lo.
736 1608 779 1684 ll,
801 1605 949 1672 tl-ln
971 1609 1020 1671 dio
1041 1613 1118 1690 sesto
1139 1629 1256 1690 graece
1280 1619 1328 1674 est

188 1709 219 1780 ἐν
234 1734 273 1804 τῃ
293 1707 399 1812 ἕορτῃ,
422 1709 511 1788 quod
532 1727 596 1771 non
618 1728 720 1772 unum
739 1710 943 1772 solummodo
966 1711 1084 1772 testum
1105 1711 1189 1772 diem
1211 1712 1330 1791 signiti-

186 1822 251 1893 cat,
274 1817 330 1878 scd
351 1820 515 1894 quotquot
534 1821 610 1878 sunt
630 1815 748 1893 quibus
770 1816 903 1894 aliquod
924 1817 1080 1879 sollemne
1101 1816 1225 1896 agitne

267 1935 320 1981 vv.
342 1912 391 1981 ld.
414 1935 502 1996 seqq.
526 1913 610 1991 Qui,
634 1934 718 1993 quac
739 1918 771 1978 in
792 1918 943 1980 hocloco
959 1916 1095 1979 loannes
1121 1921 1254 1992 narrat,
1279 1936 1331 1980 ea-

186 2016 259 2079 dem
280 2021 452 2079 autumant
473 2034 542 2077 esse
563 2033 601 2076 ac
622 2034 707 2095 quae
729 2014 914 2078 Matthaeus
942 2014 1040 2092 Vlll,
1063 2014 1150 2079 5-13
1171 2022 1204 2078 et
1224 2015 1331 2081 Lucas

188 2115 263 2196 Vll,
285 2111 390 2191 lud,
416 2117 513 2178 tricas
535 2115 594 2177 sibi
614 2121 762 2190 nectunt,
789 2116 923 2195 ipsaque
943 2116 1083 2180 lectione
1104 2116 1317 2179 refelluntur.

252 2234 322 2280 vvv.
344 2210 394 2281 50.
416 2212 467 2277 53.
488 2213 575 2278 Nota
597 2215 779 2277 clausulam
801 2218 984 2296 repetitam.

269 2334 302 2378 q.
324 2311 374 2380 54.
398 2313 546 2376 Primum
567 2316 694 2394 signum
716 2314 863 2379 Christus
879 2317 1024 2379 ediderat
1041 2315 1160 2397 Canae3
1175 2319 1238 2380 hoc
1252 2337 1332 2398 ergo

193 2417 336 2478 alterum
356 2414 498 2494 primum
520 2413 582 2477 luit
603 2434 717 2477 eorum
739 2435 824 2495 quae
845 2417 944 2480 edidit
959 2416 1208 2498 capharnaumi.
1227 2417 1338 2499 lippa-

194 2520 245 2578 ret
265 2516 376 2594 itaque
397 2514 540 2576 nondum
561 2533 638 2577 eum
658 2522 731 2595 post
752 2517 894 2579 reditum
922 2537 940 2581 e
968 2516 1090 2580 Iudaea
1110 2516 1335 2581 Nazarethum

195 2613 331 2688 venisse,
354 2631 418 2674 non
439 2613 523 2674 enim
543 2614 609 2676 huc
630 2616 719 2677 venit
738 2615 797 2676 nisi
812 2623 885 2696 post
900 2616 1070 2698 complura
1084 2617 1174 2697 signa
1189 2613 1336 2696 Caphar-

196 2711 306 2773 naumi
328 2711 412 2772 edita
428 2707 483 2790 (l).

605 2905 920 2961 *σωο-

630 3149 914 3198 CAPVTV

314 3434 333 3513 l
365 3356 606 3515 posthaec
634 3455 713 3515 erat
739 3444 816 3517 dies
844 3445 960 3520 festus
988 3447 1227 3535 ludaeorum,'
1242 3463 1280 3526 et
1301 3475 1343 3524 a·

208 3567 349 3642 scendit
376 3565 477 3640 lesus
506 3567 781 3664 lerosolymam.

310 3688 337 3764 2
366 3689 433 3763 Est
462 3703 587 3765 autem
616 3694 847 3791 ierosolymis
867 3696 1058 3771 Probatica
1076 3699 1230 3794 piscina,
1252 3725 1348 3807 quoe

206 3818 483 3914 cognominatur
523 3817 700 3895 Hebraico
729 3823 951 3911 Bethsaida,
980 3826 1138 3924 quinque
1183 3828 1347 3924 porticus

208 3944 362 4017 habens.

283 4104 317 4170 (r)
337 4106 402 4158 nuo.
422 4109 478 4178 iv,
498 4090 555 4160 aa
