2986 4912
247 293 308 364 230
590 312 622 362 in
644 312 782 362 wunnnu
803 311 1057 362 connexuimus

253 405 319 490 ris,
348 395 525 480 extendes
551 425 681 479 manus
710 418 806 491 tuas,
825 417 864 480 et
896 404 989 480 alius
1018 418 1056 480 te
1081 401 1217 500 cinget,
1232 412 1272 476 et
1292 400 1406 479 ducet

254 532 584 632 wmmffl.

365 653 415 735 19
442 657 519 736 Hoc
542 674 668 735 eutem
694 659 788 736 dixit
828 660 1037 758 significans
1077 681 1149 759 qua
1170 673 1292 735 morte
1325 660 1408 737 cla·

252 787 461 865 necaturus
493 800 592 864 esset
613 787 745 864 Deum.
766 785 818 862 Et
840 812 927 864 cnm
967 789 1037 865 hnc
1059 786 1226 873 dixisset,
1246 789 1337 864 dicit
1356 790 1404 865 ei:

251 915 413 1015 Sequere
446 938 521 992 me.
1394 934 1397 939 ·

354 1039 408 1119 20
436 1042 641 1120 Conversus
656 1041 787 1119 Petrus
803 1043 892 1119 vidit
913 1043 1020 1119 ilium
1033 1038 1266 1142 discipulum,
1290 1067 1404 1144 quem

249 1173 421 1272 diligebat
453 1172 568 1260 lesus,
602 1184 832 1271 sequentem,
855 1172 918 1271 qui
948 1185 987 1247 et
1018 1172 1190 1249 recubuit
1221 1173 1257 1247 iu
1287 1197 1409 1250 coenav

247 1322 357 1402 super
389 1312 518 1400 pectus
552 1301 647 1388 eius,
669 1311 709 1376 et
737 1299 861 1375 dixit:
882 1299 1039 1385 Domine
1064 1301 1146 1401 quis
1165 1301 1314 1400 estqui
1333 1314 1405 1378 tre·

247 1430 312 1506 det
339 1426 418 1505 te?

353 1552 397 1633 2¹
433 1555 537 1633 Hunc
550 1580 636 1656 engo
659 1578 743 1631 cum
759 1555 912 1632 vidisset
935 1555 1082 1644 Petrus,
1111 1556 1205 1635 dixit
1220 1555 1316 1635 lesu:
1335 1558 1409 1635 Dn-

248 1686 345 1762 rnine
368 1687 427 1760 hic
446 1700 572 1760 nutem
600 1680 729 1787 quid?

354 1809 407 1887 22
435 1811 531 1886 Dicit
559 1812 592 1887 ei
615 1811 741 1886 iesus:
776 1809 836 1886 Sic
864 1832 953 1886 eum
981 1808 1065 1885 vnio
1098 1830 1248 1888 manere
1284 1813 1407 1890 donee

245 1941 403 2024 venium,
432 1939 519 2038 quid
538 1939 584 2014 ad
618 1935 693 2014 te?
723 1951 764 2013 tu
792 1961 852 2012 me
881 1956 1051 2038 sequere.

352 2063 404 2143 23
432 2065 534 2142 Exiit
551 2090 638 2164 engo
667 2088 788 2141 sermo
810 2066 880 2141 istc
913 2067 1011 2141 inter
1034 2065 1171 2142 inatres
1193 2064 1278 2166 quin
1297 2069 1402 2145 disci·

246 2196 356 2295 pules
385 2195 444 2268 iile
472 2217 544 2268 nnn
577 2194 745 2268 monitui.
780 2192 829 2267 Et
860 2218 930 2268 uon
963 2194 1056 2270 dixit
1092 2195 1126 2271 ei
1168 2197 1283 2272 lesus:
1318 2195 1398 2273 Nun

249 2324 419 2408 moritur,
447 2323 524 2397 sed:
545 2321 605 2396 Sic
619 2344 703 2396 eum
724 2319 807 2396 vnio
825 2343 975 2397 manere
994 2322 1113 2399 donec
1134 2323 1294 2405 veniam,
1315 2324 1402 2424 quid

249 2453 295 2528 nd
324 2449 392 2528 te?

357 2569 411 2652 tii
437 2575 575 2652 Hicest
592 2574 790 2673 discipulus
822 2575 896 2663 iile,
911 2578 973 2677 qui
999 2578 1249 2654 testimenium
1275 2579 1401 2678 perhi-

250 2707 316 2783 bet
341 2707 386 2781 de
418 2706 489 2792 his,
517 2716 557 2778 et
583 2704 731 2803 scripsit
758 2704 862 2780 haec:
896 2719 936 2783 et
968 2707 1121 2795 scimus,
1150 2709 1236 2806 quin
1270 2723 1398 2784 verum

255 2848 313 2911 est
340 2833 592 2910 testimonium
620 2831 714 2906 eins.

361 2957 414 3038 25
441 2961 534 3037 Sunt
565 2975 689 3036 eutem
713 2975 751 3036 et
776 2961 848 3037 ulia
880 2962 1011 3050 multe,
1039 2988 1134 3062 quae
1163 2963 1251 3040 fecit
1282 2962 1400 3040 iesust

258 3091 411 3194 quaesi
447 3088 652 3166 scribantur
690 3114 757 3188 pen
788 3091 944 3190 singula,
980 3106 1048 3167 nec
1079 3084 1202 3191 ipsum
1240 3093 1402 3169 arbitror

261 3221 437 3296 mnndum
465 3242 595 3318 cupere
619 3242 727 3318 posse
756 3239 833 3307 ene,
856 3222 916 3320 qui
942 3221 1122 3297 scribendi
1146 3234 1245 3310 sunt,
1275 3220 1401 3299 libres.
