2986 4912
529 277 631 327 cirvr
654 278 774 328 rnrnvn
1211 265 1253 334 19

112 366 263 447 reddidit;
279 371 329 428 ast
341 365 367 426 is
380 382 446 426 non
459 362 687 427 animadvertit
700 366 800 428 verba
815 362 1037 450 chrysostomi
1051 361 1141 442 Quod
1151 365 1251 431 Deum

112 491 200 534 nemo
218 467 302 530 vidit
319 459 487 546 anquam?
504 463 594 539 Quod
614 484 697 526 enos
711 473 755 527 est
772 463 884 529 Deus?
904 467 1099 548 proferenda
1116 488 1185 533 esse
1204 469 1251 533 in-

113 571 318 651 terrogando,
341 585 443 647 quare
461 567 494 627 in
511 568 717 630 translatione
733 569 818 630 iacta
835 587 854 629 a
875 566 1120 632 Montiauconio
1137 572 1249 635 nullus

112 680 162 736 est
180 689 302 734 sensus.
325 667 574 752 Chrysostomus
595 674 686 730 certe
707 670 871 732 concludit
889 669 1097 750 Vnigenitum
1122 690 1252 735 narras-

108 795 144 839 se
164 774 272 837 omnia
292 790 375 851 quac
396 770 546 850 superius
567 769 607 832 de
627 770 695 850 ipso
717 770 901 833 dictasunt.
919 769 1000 832 Mihi
1015 772 1112 833 buius
1133 792 1248 837 versus

108 876 267 940 sententia
280 876 361 936 bace
374 891 443 934 osse
457 872 598 935 videtur:
616 870 708 947 Quae
723 872 801 947 dixi,
817 892 881 934 non
895 891 956 952 ego
971 873 1047 949 vidi,
1062 892 1135 934 nam
1147 874 1246 938 Deum

107 986 204 1040 nemo
216 974 299 1037 vidit
317 992 479 1054 uinquam,
500 972 556 1034 scd
577 971 760 1052 arripenites
779 972 878 1053 fitius,
894 975 951 1053 qui
971 975 1051 1036 baec
1071 995 1135 1037 non
1149 977 1246 1041 modo

107 1081 208 1156 videt,
229 1078 285 1141 sed
305 1077 432 1157 penitus
453 1075 617 1154 cognoscit
638 1081 736 1154 atque
756 1075 917 1156 intelligit,
941 1082 1054 1156 utpote
1075 1075 1131 1156 qen'
1148 1078 1189 1139 sit
1208 1077 1246 1139 in

104 1181 181 1243 sinu
194 1177 320 1260 petris,
348 1175 412 1257 ipse
433 1174 606 1237 enarravit.
630 1175 679 1238 Ita
704 1183 743 1238 ut
767 1174 920 1254 loannes,
951 1197 1176 1257 quaecumque
1206 1180 1245 1243 de

104 1282 215 1347 Verbo
235 1284 453 1362 exposuerat,
476 1298 601 1358 suoque
622 1297 660 1340 ac
681 1278 844 1359 Baptistae
867 1281 1048 1342 testimonio
1073 1281 1244 1344 confirma-

105 1388 211 1460 verat,
234 1382 362 1444 tandem
376 1378 550 1441 concludat
563 1379 744 1441 testimonio
759 1380 858 1460 ipsius
873 1378 972 1442 Verbi
990 1380 1194 1445 confirmans.
1204 1416 1245 1427 -

105 1481 192 1547 Nota
217 1481 456 1563 generationem
477 1475 613 1571 ἓμμενη,
639 1481 951 1562 quadruplicemque
975 1483 1134 1544 rationem
1159 1503 1244 1562 qnae

105 1585 287 1649 testimonio
306 1583 407 1647 Verbi
428 1585 523 1647 iidem
544 1604 672 1647 omnem
694 1585 856 1663 conciliat,
873 1585 960 1664 quod
981 1585 1023 1646 sit
1042 1583 1141 1664 filies,
1155 1584 1243 1664 qeni-

104 1698 168 1763 tas,
189 1685 385 1767 enipeae'tees,
406 1686 443 1748 io
463 1685 538 1748 siau
552 1686 668 1767 petris.

182 1785 346 1849 llactenus
368 1806 452 1866 quae
473 1787 707 1867 disputavimus
728 1789 873 1868 inopere
888 1787 1125 1868 deEvangeliis
1140 1787 1177 1850 L.
1194 1786 1237 1850 ΙΙ.

101 1886 186 1952 Diss.
208 1885 298 1951 VIII.

181 1988 264 2052 Octo
277 1988 456 2051 testimonia
471 2008 490 2050 a
504 1988 649 2071 Baptista
660 1989 788 2054 Christo
803 1992 877 2053 data
888 1992 1046 2071 leguntur
1059 1990 1091 2051 in
1105 2008 1242 2069 evange-

100 2091 164 2152 liis.
175 2089 322 2153 Primum
332 2090 474 2152 aiierunt
481 2091 576 2171 primi
589 2097 654 2153 tres
666 2093 965 2171 evangelistac,non
976 2088 1239 2166 autemloannes,

100 2198 210 2255 cetera
231 2190 378 2267 loannes,
394 2191 448 2253 sed
463 2210 557 2253 nemo
572 2193 707 2254 illorum
721 2193 831 2255 trium.
849 2192 997 2255 Primum
1012 2190 1105 2253 estin
1119 2188 1237 2253 Matth.

100 2291 161 2369 ΙΙΙ,
183 2291 233 2357 tt.
256 2291 308 2372 123
332 2291 436 2354 Marc.
460 2289 486 2368 Ι,
510 2290 590 2372 6-8,
613 2292 692 2357 Luc.
716 2292 776 2370 Ill,
799 2290 919 2357 t5-tt.
940 2290 1124 2355 Secundum
1140 2291 1173 2351 in
1188 2288 1235 2353 Ιο.

99 2392 128 2472 Ι,
142 2391 192 2459 t5.
214 2392 360 2456 Tertium
380 2395 413 2455 in
428 2393 475 2456 lo.
492 2393 519 2469 Ι,
535 2393 646 2459 att-23.
661 2394 824 2471 Quartum
844 2396 877 2455 in
891 2393 939 2456 lo.
953 2392 980 2468 Ι,
999 2388 1040 2456 ‘ld
1050 2390 1122 2454 ut.
1138 2390 1240 2467 Quin-

99 2501 169 2557 tum
189 2495 222 2556 in
243 2492 289 2557 lo.
313 2493 340 2572 Ι,
362 2491 485 2559 ‘itt-31.
510 2492 645 2558 Sextum
659 2494 749 2558 inlo.
767 2491 929 2573 tua-3⁷1.
951 2492 1131 2573 Septimum
1142 2493 1174 2552 in
1186 2490 1233 2555 Io.

98 2591 126 2672 Ι,
147 2591 198 2659 35.
220 2592 271 2658 36.
294 2593 456 2658 Octavum
477 2595 509 2655 in
523 2594 570 2657 Io.
586 2594 646 2672 ΙΙΙ,
662 2593 784 2659 ‘tt-31.
808 2595 861 2659 Ex
885 2595 933 2656 bis
958 2594 1112 2675 primum,
1133 2600 1236 2672 utque

99 2697 246 2773 videtur,
271 2697 404 2758 tortium
423 2714 555 2776 quoquo
584 2702 616 2759 et
636 2703 790 2776 quartum
814 2716 879 2758 non
903 2702 980 2759 sant
1002 2696 1112 2774 aliqua
1136 2713 1237 2756 enun-

96 2798 187 2861 tiatio
207 2798 307 2860 semel
326 2799 467 2878 prolata,
488 2798 544 2860 sed
565 2817 691 2860 summa
706 2818 919 2878 eorumquae
934 2796 1068 2860 loannes
1088 2797 1127 2858 de
1142 2793 1236 2858 Chri-

95 2904 146 2960 sto
165 2898 438 2978 interrogantibus
459 2899 683 2979 respondebat.
706 2900 778 2962 lion
803 2900 901 2962 tuisse
925 2898 1138 2978 praecipuum
1162 2916 1234 2959 mu-

95 3018 156 3061 nus
170 2999 344 3080 Baptistae,
360 3008 398 3063 ut
412 3001 451 3062 de
466 2998 594 3063 Christo
610 3006 797 3078 testaretur,
815 3003 965 3063 discimus
980 3021 1022 3063 ex
1035 3020 1089 3064 vv.
1101 2997 1137 3064 o.
1153 2998 1233 3062 7.-

96 3097 242 3162 Primum
272 3102 488 3163 testimonium
518 3101 601 3164 dixit
630 3108 704 3164 ante
732 3101 851 3166 Christi
877 3103 1093 3183 baptismum,
1123 3107 1232 3163 cetera

94 3207 177 3280 post.
200 3199 350 3265 Alterum
373 3203 611 3278 testimonium,
641 3204 729 3282 quod
756 3203 788 3264 in
813 3204 980 3283 evangelio
1008 3201 1136 3264 loannis
1166 3202 1232 3281 pri·

93 3319 182 3363 mum
204 3309 263 3379 est,
286 3304 367 3365 dixit
386 3312 459 3384 post
478 3305 689 3386 baptismum,
713 3303 841 3367 Christo
862 3311 1043 3387 praesente,
1067 3303 1156 3383 quod
1176 3321 1232 3382 ap·

79 3410 183 3482 paret
203 3425 244 3467 ex
265 3407 455 3485 pronomine
469 3401 572 3486 οὗτος,
587 3407 672 3470 sieut
692 3415 724 3471 et
738 3408 888 3485 quintum
893 3427 904 3486 3
919 3427 1005 3483 nam,
1021 3425 1125 3486 quum
1138 3401 1231 3467 Chri-

88 3515 157 3572 stus
177 3511 306 3586 aberat,
329 3509 472 3590 Baptista
492 3532 571 3576 usus
593 3516 641 3573 est
660 3512 849 3590 pronomine
869 3509 977 3593 αὐτος,
999 3516 1037 3572 ut
1056 3510 1089 3569 in
1109 3516 1228 3588 quarto

88 3615 283 3679 testimonio.
307 3613 473 3680 Christum
494 3625 603 3680 autom
624 3625 826 3698 praesentem
846 3638 910 3680 non
935 3625 1008 3680 ante
1032 3616 1155 3700 populo
1181 3614 1228 3675 in-

89 3715 197 3779 dicare
218 3719 326 3797 potuit
346 3738 444 3798 quam
469 3718 600 3781 vidisset
624 3718 772 3798 spiritam
793 3719 1022 3779 descendentem
1046 3725 1075 3777 et
1098 3716 1229 3778 aseben-

85 3826 145 3880 tem
165 3839 257 3900 seper
280 3840 362 3894 eum,
387 3828 426 3884 ut
446 3822 598 3884 discimus
619 3841 661 3884 ex
682 3842 714 3885 v.
736 3819 788 3901 333
804 3823 866 3884 boc
887 3826 997 3882 autem
1017 3817 1133 3880 accidit
1153 3823 1227 3896 post

85 3920 270 4001 baptismun
281 3919 334 4003 (Ι).
347 3920 479 3986 Dictum
490 3926 552 3986 boe
566 3925 707 3986 alterum
722 3922 942 3986 testimonium
953 3939 1022 3984 esse
1031 3919 1139 3983 statim
1154 3923 1227 3998 post

155 4057 190 4126 n)
210 4061 304 4114 uitta.
325 4062 375 4130 nr,
400 4060 443 4112 n.
467 4060 508 4115 15.
