2986 4912
277 282 318 353 lt]
619 297 647 346 in
676 298 812 346 ionxnnu
837 296 1085 346 consinnmmvn

276 380 1419 467 uem(lt,Didynrumblenandrinnm(2),Eusebium(3).—Arianihunc

278 508 346 552 esse
367 505 496 550 sensnm
509 504 627 564 negare
648 503 711 546 nou
732 490 922 566 potuerunt,
942 485 1063 549 ideireo
1078 487 1281 567 opponebant
1293 497 1418 566 patrem

277 588 449 670 significari
471 605 545 648 cum
566 586 720 661 articulo,
742 583 843 664 filium
867 586 933 647 sine
958 587 1114 667 articulo3
1144 586 1236 649 inane
1258 605 1420 649 commen-

279 696 362 765 tum,
385 687 472 768 quod
494 685 743 769 Chrysostomus
758 687 851 766 plene
872 687 1004 764 refellit,
1021 688 1076 750 sed
1097 695 1130 751 et
1150 689 1237 768 quod
1252 689 1358 769 quivis
1380 690 1421 751 de

279 790 525 852 dialecticorum
545 787 663 850 scholis
678 788 863 849 adolescens
878 789 1030 851 refellere
1044 790 1211 852 valeat-
1222 788 1310 869 Ergo
1329 787 1423 852 loan-

280 911 335 954 nes
357 890 502 953 enuntiat
521 886 621 950 Verbi
641 887 852 965 divinitatem,
868 896 901 951 et
927 890 1057 968 quidem
1078 896 1254 964 aeternam,
1281 906 1430 969 cumque

280 1000 373 1075 patre
393 990 757 1055 consubstantialitatem
777 987 883 1051 Deum
903 991 1009 1072 ipsum
1030 991 1136 1053 dicens
1158 998 1196 1054 ut
1217 992 1347 1053 dixerat
1366 1006 1426 1072 pa·

283 1101 379 1173 trem3
395 1099 493 1172 atque
515 1091 589 1154 bine
610 1091 694 1153 ratio
715 1097 850 1172 apparet
870 1109 931 1153 cur
951 1093 1037 1156 hune
1058 1111 1122 1154 non
1138 1101 1262 1172 patrem
1283 1109 1424 1156 vocave-

168 1182 175 1193 ’
281 1196 325 1257 rit
345 1194 400 1256 sed
420 1190 530 1254 Deum.
556 1190 777 1272 lnterpunctio
798 1190 939 1270 Photini,
962 1199 1000 1256 ut
1020 1195 1062 1255 sit
1081 1200 1239 1273 punctum
1254 1201 1327 1274 post
1340 1204 1423 1268 eret,

281 1314 300 1358 a
320 1294 483 1356 nonnullis
504 1293 739 1355 recentioribus
760 1291 1017 1356 protestantibus
1033 1300 1198 1370 revocata,
1216 1295 1317 1357 sutilis
1332 1314 1422 1372 sane,

282 1395 362 1457 nibil
383 1401 490 1457 tamen
510 1394 599 1456 illius
620 1400 719 1472 atque
739 1395 858 1456 horum
880 1395 1039 1457 haeresim
1060 1395 1163 1471 iuvat,
1187 1395 1343 1474 quinimo
1358 1395 1427 1458 elli-

283 1497 392 1560 cacius
413 1495 553 1572 refutat,
582 1514 685 1575 quum
706 1496 833 1558 facilius
855 1514 893 1559 ac
915 1497 1035 1559 certius
1064 1501 1219 1577 appareat
1239 1502 1427 1580 postremae

281 1595 509 1661 enuntiationis
530 1597 712 1659 subiectum
734 1615 801 1659 esse
823 1594 981 1677 Verbum3
1003 1616 1043 1659 ne
1064 1597 1148 1659 enirn
1169 1598 1280 1660 nullus
1294 1597 1336 1660 sit
1355 1617 1428 1660 sen·

282 1719 351 1777 sus,
374 1705 432 1761 aut
452 1704 540 1762 certe
560 1717 600 1760 ne
620 1699 759 1778 ineptus,
780 1699 962 1761 subiectum
975 1701 1202 1780 propositionis
1217 1709 1245 1762 et
1258 1698 1342 1761 Deus
1357 1709 1428 1762 erat

285 1801 507 1881 accipiendum
526 1805 577 1862 est
597 1819 639 1861 ex
659 1801 829 1880 superiore
850 1803 1081 1879 enuntiatione,
1097 1808 1134 1864 ut
1156 1819 1267 1865 sensus
1288 1802 1330 1864 sit
1355 1799 1428 1863 Ver·

283 1901 355 1963 bam
374 1919 435 1963 esse
455 1900 541 1980 apud
560 1898 672 1972 Deum,
695 1909 723 1961 et
742 1899 824 1962 idem
844 1898 947 1979 ipsum
973 1898 1100 1963 Verbum
1121 1900 1220 1963 Deum
1241 1921 1311 1963 esse.

363 2020 394 2063 r.
410 1999 440 2063 2.
458 1999 526 2062 Hoc
541 1998 656 2061 eratin
666 1997 830 2079 principio
845 2000 930 2078 apud
943 1999 1052 2063 Deum.
1071 1999 1234 2064 Graecum
1255 2003 1428 2082 exemplar

284 2122 345 2184 pro
359 2103 415 2163 boc
430 2103 527 2164 habet
537 2095 1004 2192 odregbic,quialop03genere
1017 2102 1195 2166 masculino
1207 2109 1265 2165 est.
1277 2101 1429 2183 Comple-

285 2223 348 2266 xus
370 2204 469 2265 trium
489 2207 696 2285 superiorum
714 2205 980 2267 enuntiationum.
998 2201 1116 2266 Sensus
1135 2209 1194 2265 est:
1217 2201 1344 2264 Verbum
1358 2210 1428 2263 erat

286 2305 356 2377 boe,
378 2304 529 2368 videlieet
548 2308 610 2370 hoc
631 2307 718 2386 quod
740 2306 824 2382 dixi,
848 2305 879 2365 id
901 2311 949 2366 est
968 2302 1076 2380 Deus,
1100 2315 1166 2365 erat
1185 2303 1222 2365 in
1238 2301 1403 2383 principio
1412 2345 1425 2375 ,

285 2412 354 2465 erat
372 2405 457 2485 apud
477 2403 585 2467 Deum.
611 2402 660 2467 lta
680 2404 848 2485 Origenes,
876 2404 1027 2480 Basilius,
1044 2403 1305 2485 Chrysostemus,
1323 2401 1431 2490 Cyril-

286 2503 351 2581 luS,
374 2504 438 2567 alii.
452 2503 666 2567 —antenus
687 2506 727 2566 de
747 2506 855 2569 divina
877 2504 976 2566 Verbi
997 2510 1067 2566 tum
1088 2523 1224 2584 persona
1247 2509 1316 2565 tum
1332 2508 1428 2564 natu·

288 2621 336 2679 ra,
360 2611 472 2666 contra
492 2611 631 2688 systema
652 2606 880 2670 emanativum.

368 2702 436 2767 Cur
457 2723 521 2767 nen
541 2705 646 2768 divina
667 2703 767 2767 Verbi
788 2707 950 2785 generatio
973 2712 1247 2769 commemoratur
1255 2703 1271 2768 ¹?
1283 2705 1430 2785 Respon-

291 2803 351 2866 deo
376 2803 481 2883 primo
502 2804 688 2884 implicitam
710 2825 781 2867 eam
807 2825 875 2868 esse
902 2807 935 2867 in
959 2806 1026 2886 ipsa
1052 2804 1152 2868 Verbi
1178 2805 1317 2867 notione.
1344 2803 1432 2882 Lege

292 2902 449 2967 Basilium
465 2902 505 2985 (lt)
518 2911 551 2968 et
572 2904 727 2969 Thomam
739 2904 793 2986 (5).
809 2906 931 2969 Deinde
952 2927 1015 2969 non
1035 2914 1106 2970 erat
1125 2925 1186 2968 cur
1210 2906 1353 2986 apertius
1380 2902 1434 2966 lo-

293 3024 390 3067 annes
415 3025 485 3069 cam
511 3014 791 3070 commemoraret.
820 3006 1044 3089 Neoplatonici
1069 3009 1125 3070 illa
1150 3014 1255 3069 aetate
1283 3005 1432 3068 Verbum

299 3106 462 3185 quoddam
482 3127 501 3168 e
526 3107 633 3171 divina
657 3116 762 3170 mente
791 3128 939 3172 emanans
960 3128 1028 3172 esse
1055 3109 1227 3184 docebant,
1250 3108 1294 3169 ita
1315 3113 1353 3168 ut
1373 3106 1434 3168 ali-

295 3224 394 3284 quam
414 3207 483 3269 eius
505 3226 572 3270 esse
595 3210 831 3287 generationem
845 3211 933 3273 haud
947 3210 1172 3272 diffiterentur.
1189 3207 1317 3270 Horum
1331 3206 1433 3286 placi-

295 3305 334 3371 tis
355 3305 497 3368 imbutae
518 3309 661 3370 omnium
682 3310 951 3390 philosophorum
978 3311 1107 3372 scholae
1136 3314 1238 3395 erant.
1261 3306 1289 3370 Ε
1312 3307 1432 3385 quibus

294 3406 353 3484 qui
374 3425 489 3469 eorum
511 3408 689 3471 doctrinam
710 3430 784 3472 eum
807 3411 960 3474 doctrinis
985 3409 1243 3474 Christianorum
1263 3426 1435 3487 coagmen-

298 3513 367 3568 tare
388 3508 570 3586 studebant,
595 3511 691 3573 veriti
712 3531 762 3588 ne,
786 3512 812 3573 si
833 3512 937 3574 tilium
957 3533 999 3576 ex
1019 3513 1106 3576 omni
1127 3511 1315 3575 aeternitate
1329 3509 1434 3572 alium

370 3743 405 3813 (1)
425 3744 455 3797 ln
479 3749 518 3798 lo.
540 3750 571 3800 Τ.
596 3752 629 3801 ll.
648 3751 674 3800 1.
770 3745 775 3753 ’

367 3833 403 3904 (2)
427 3839 456 3888 l..
477 3854 500 3890 c.

374 3930 406 3992 (3)
433 3933 471 3983 De
495 3935 635 3986 ecclesiast.
661 3937 787 4001 theologia
808 3940 839 3988 ll.
861 3938 902 3988 17.

374 4020 409 4090 (d)
433 4025 460 4074 L.
481 4039 505 4075 c.

375 4113 410 4181 [5)
430 4117 454 4165 1.
479 4133 502 4181 ᾳ.
528 4118 571 4168 27.
595 4134 631 4168 aa.
655 4120 679 4168 1.
699 4119 725 4187 25
743 4137 769 4186 q.
788 4121 832 4172 31.
852 4139 875 4175 a.
896 4123 913 4171 2
931 4139 954 4174 e.
