2986 4912
177 323 240 391 228
504 343 536 392 m
557 342 696 391 tornata
716 342 966 392 coartamur!

179 428 267 491 tione
287 434 418 509 raptum
439 430 473 490 iu
491 429 763 492 exclamationem
783 432 973 511 prorupisse
992 428 1098 492 &um
1122 429 1318 507 invocando,

179 530 250 592 risu
269 548 327 593 eos
346 532 448 609 magis
467 531 574 612 excipi
594 550 693 611 quam
714 534 916 610 argumentis
936 532 1075 594 reiutari
1096 550 1158 612 par
1176 540 1239 594 est.

260 650 292 694 v.
312 629 365 697 29.
388 631 475 694 Finis
495 634 664 712 evaugelio
684 633 722 695 lit
741 635 804 695 hoc
824 632 945 697 Christi
964 635 1075 709 efflato,
1089 634 1193 714 quod,
1210 653 1317 714 quum

176 731 303 795 loannis
323 733 460 796 consilio
480 752 519 796 ac
540 736 721 814 proposito,
738 742 808 797 tum
827 735 998 797 clausulae
1010 735 1053 797 ah
1065 735 1136 815 ipso
1156 736 1314 815 usurpari

176 832 293 896 solitae
312 834 460 913 apprime
480 835 665 915 respondet.

258 953 291 995 v.
311 931 363 997 31.
384 933 474 996 Libri
494 935 674 1010 conclusio,
696 954 762 1014 qua
777 943 811 998 et
824 936 926 1017 ipsius
944 935 1022 997 liltri
1033 943 1264 1014 argumentum
1284 941 1317 996 et

174 1033 344 1112 scriptoris
363 1036 534 1098 consilinm
554 1036 725 1098 docemur.

583 1245 901 1300 -οωο-

557 1535 766 1583 cattt
821 1534 934 1582 ΧΧΙ

290 1849 308 1927 1
340 1770 505 1931 postea
533 1853 781 1929 manifestavit
798 1878 839 1929 se
854 1855 988 1930 iterum
999 1854 1100 1930 lesus
1125 1853 1315 1956 discipulis

173 1983 218 2056 ad
246 2005 347 2056 mam
375 1983 590 2058 Tiberiadis.
620 1983 866 2059 Manifestavit
891 1997 1016 2059 autem
1042 1983 1107 2059 sic:

276 2106 304 2184 2
331 2108 445 2185 Erant
472 2111 580 2185 simul
599 2111 725 2186 Simon
743 2110 890 2199 Petrus,
916 2126 956 2186 et
973 2110 1151 2198 Thomas,
1173 2111 1238 2210 qui
1265 2110 1312 2185 di

170 2238 266 2313 citur
292 2237 482 2336 Didymus,
509 2254 548 2313 ct
574 2237 789 2326 Nathanael‚
823 2240 887 2338 qui
913 2255 995 2315 erat
1033 2263 1055 2314 a
1081 2237 1182 2315 Caua
1207 2235 1310 2314 Gali·

168 2364 288 2452 laeae,
316 2379 355 2441 ct
375 2366 442 2441 filii
468 2366 659 2452 Zebedaei,
673 2380 712 2441 et
725 2367 788 2441 alii
815 2391 862 2443 ex
888 2364 1073 2465 discipulis
1091 2365 1170 2442 cius
1196 2365 1284 2441 duo.

277 2485 303 2566 3
330 2491 427 2568 Dicit
445 2495 498 2568 eis
516 2491 641 2568 Simon
657 2491 799 2568 Petrus:
821 2492 920 2568 Vado
947 2493 1093 2592 piscari.
1112 2490 1247 2569 Dicunt
1264 2495 1309 2570 ei

169 2617 344 2696 Venimus
371 2634 410 2697 ct
436 2645 502 2697 nos
521 2634 656 2697 tecum.
676 2620 726 2695 Et
743 2623 925 2708 exierunt,
943 2635 983 2696 et
1009 2622 1254 2698 ascenderunt
1274 2624 1310 2697 in

169 2749 305 2824 navim:
334 2764 373 2824 ct
398 2749 461 2824 illa
488 2763 595 2825 nocte
614 2749 704 2824 nihil
730 2750 1004 2849 prendiderunt.

277 2871 302 2952 d
330 2876 433 2952 Mane
461 2891 586 2952 autem
613 2876 712 2953 lacto
739 2878 846 2954 stetit
871 2877 974 2953 lesus
1002 2877 1039 2951 in
1067 2875 1209 2952 littore:
1238 2901 1309 2954 nou

168 3016 293 3078 tamen
320 3017 566 3102 cognoverunt
592 3003 763 3105 discipuli
791 3005 876 3105 quia
903 3004 1006 3079 lesus
1033 3017 1105 3079 est.

274 3125 300 3208 5
327 3129 430 3207 Dixit
455 3156 541 3232 crgo
568 3132 623 3208 eis
654 3132 770 3208 lesus:
799 3132 906 3210 Pueri
940 3132 1116 3232 numquid
1143 3133 1310 3231 pulmen-

168 3260 302 3335 tarium
330 3257 510 3335 habetis?
542 3259 826 3359 Responderunt
845 3261 893 3336 ei:
923 3257 1016 3335 Non.

275 3382 300 3462 6
328 3387 423 3462 Dicit
450 3387 516 3461 eis:
546 3385 680 3463 Mittite
715 3389 752 3462 in
780 3389 972 3464 dexteram
1000 3387 1133 3486 navigii
1159 3403 1310 3465 retexet

170 3516 375 3592 invenietis.
404 3513 581 3590 Miserunt
613 3540 727 3614 ergot
758 3531 797 3592 et
826 3519 900 3591 iam
923 3540 994 3590 non
1023 3515 1194 3591 valebant
1221 3517 1311 3592 illud

170 3646 316 3720 trahere
348 3666 436 3743 prae
464 3642 696 3719 multitudine
724 3645 891 3743 piscium.

276 3767 302 3848 7
329 3769 431 3847 Dixit
457 3795 543 3870 ergo
561 3771 758 3873 discipulus
780 3772 854 3857 ille,
874 3796 983 3872 quem
1005 3772 1178 3872 diligebat
1193 3772 1309 3859 lesus,

166 3898 288 3976 Petroz
316 3899 492 3974 Dominus
511 3911 581 3973 est.
616 3899 740 3975 Simon
761 3899 894 3975 Petrus
920 3925 1004 3977 cum
1032 3888 1197 3976 audisset
1224 3903 1309 3998 quia

166 4027 343 4102 Dominus
371 4041 442 4111 est,
470 4026 592 4102 tunica
621 4029 801 4105 succinxit
835 4053 873 4102 se
891 4026 903 4128 (
922 4041 1003 4104 erat
1027 4028 1126 4105 enim
1154 4028 1306 4127 nudus)

169 4169 207 4232 et
234 4156 336 4233 misit
365 4179 403 4232 se
421 4156 456 4230 in
486 4177 600 4234 mare.
