2986 4912
508 279 609 329 canvr
633 280 776 330 nannum
1160 266 1199 332 37

63 388 130 433 non
154 387 231 434 vero
252 384 394 445 carnem,
421 367 453 429 id
481 368 569 448 quod
594 368 639 430 ita
664 369 820 448 nascitur3
846 386 910 432 non
931 387 1010 450 ergo
1031 372 1072 434 ad
1093 373 1138 436 ita
1156 391 1211 437 na-

63 471 221 534 scendum
240 488 323 551 opus
343 468 469 533 esseio
490 478 627 531 uentrem
648 468 760 531 matris
780 488 854 531 suae
873 468 987 534 iterato
1007 471 1154 548 introire,
1174 482 1212 539 ut

65 570 262 636 Nicodemus
276 571 415 634 dixerat.

146 691 178 736 v.
200 670 231 734 7.
256 670 352 748 Quod
374 671 505 751 quidem
526 672 552 734 si
574 671 645 734 fieri
666 689 748 753 opus
769 679 865 750 esset,
881 674 907 735 si
921 675 954 735 id
976 673 1097 738 Christi
1110 677 1210 739 verba

65 774 294 854 significarent,
313 774 429 853 utique
449 773 654 836 admirationi
667 774 760 836 locus
782 773 879 854 loret3
894 793 988 837 secus
1002 795 1083 839 vero
1105 795 1209 857 quum

66 873 216 940 Christus
237 875 319 938 illud
340 875 449 937 dicere
469 874 614 937 voluerit
627 874 715 953 quod
732 874 832 936 modo
844 874 1030 955 explicavit.
1048 873 1209 955 Christus,

66 977 153 1039 sicut
176 981 312 1057 apparet
335 995 378 1039 ex
400 975 465 1039 illis
491 992 576 1055 quae
603 993 681 1037 mox
704 975 889 1055 subiunget,
914 976 1066 1056 loquitur
1093 977 1133 1040 de
1157 980 1213 1040 ad-

66 1079 239 1143 miratione
260 1097 344 1159 quae
369 1077 604 1141 dubitationem
624 1077 724 1158 parit3
749 1095 824 1138 nam
850 1083 883 1140 et
907 1079 996 1141 natio
1016 1079 1097 1141 haec
1118 1081 1212 1160 spiri-

63 1180 140 1244 talis
159 1198 235 1244 sane
259 1179 458 1242 admirabilis
478 1183 537 1241 est.

146 1299 178 1345 v.
201 1277 232 1346 8.
262 1279 411 1344 Ostendit
439 1298 504 1343 non
534 1297 604 1342 esso
629 1297 691 1342 cur
718 1280 897 1361 spiritalem
925 1280 1009 1342 hanc
1047 1281 1210 1344 nationem

64 1381 170 1445 veluti
192 1380 376 1444 dubitantes
396 1381 565 1443 miremur.
593 1377 705 1456 Quum
732 1380 873 1443 enimin
898 1380 973 1461 ipsis
998 1379 1097 1444 rebus
1116 1387 1211 1445 natu-

65 1480 191 1545 ralibus
212 1482 280 1545 sint
304 1482 345 1544 dc
371 1482 491 1562 quibus
513 1481 615 1561 nullo
652 1481 749 1542 modo
776 1482 988 1558 dubitamus,
1013 1499 1211 1561 quamquam

69 1583 177 1646 oculis
196 1582 284 1646 haud
312 1601 470 1664 queamus
497 1600 536 1645 oa
564 1583 763 1664 conspicere,
791 1583 895 1646 veluti
919 1581 1090 1664 spiritum,
1111 1584 1213 1648 idest

65 1691 214 1763 ventum,
236 1704 334 1766 quem
354 1685 485 1747 minime
505 1684 665 1763 videmus,
687 1690 721 1746 et
738 1685 831 1748 cuius
852 1685 1010 1764 originem
1024 1691 1123 1765 atque
1144 1687 1213 1748 exi-

68 1791 142 1849 tum
162 1785 362 1866 ignoramus,
388 1785 516 1848 tametsi
536 1802 652 1847 vocem
668 1785 831 1863 audimus,
848 1786 953 1848 multo
968 1788 1086 1865 minus,
1110 1805 1212 1874 quum

69 1887 194 1967 aliquid
221 1885 312 1950 nobis
340 1885 538 1950 credendum
565 1887 760 1967 proponitur
787 1885 875 1967 quod
901 1892 1039 1950 naturae
1066 1889 1212 1953 ordinem

67 1989 224 2067 excedat,
251 1989 362 2052 licebit
387 2005 554 2051 assensum
581 1988 764 2050 detrectare
791 1993 966 2069 propterea
995 1989 1103 2052 solum
1134 1993 1212 2070 qui'a

66 2095 175 2154 mente
197 2090 231 2153 id
257 2108 322 2154 non
348 2090 563 2170 assequimur.
583 2121 624 2132 -
644 2085 698 2151 Sic
724 2095 768 2151 est
788 2087 890 2151 omnis
910 2089 966 2172 qui
989 2099 1085 2153 uatus
1109 2101 1152 2155 est
1174 2113 1213 2155 ec

68 2188 207 2272 Spiritu,
235 2191 294 2269 sic,
323 2191 468 2271 inquam,
495 2189 534 2252 de
562 2189 699 2270 spiritali
723 2189 780 2251 illa
808 2189 936 2254 natione
950 2191 1209 2258 existimandum.

152 2311 185 2356 v.
208 2289 259 2360 10.
284 2291 349 2355 Per
368 2291 429 2356 Dei
451 2292 717 2372 omnipotentiam
738 2291 795 2353 illa
825 2291 923 2370 fiunt,
947 2311 1032 2373 quae
1066 2291 1215 2358 Christus

67 2394 206 2458 dixerat.
241 2390 324 2459 Sane
355 2399 466 2458 autem
494 2393 719 2458 Israelitarum
750 2394 942 2474 magistrum
974 2394 1151 2459 dedecebat
1180 2397 1212 2458 id

65 2495 191 2559 nescire
218 2500 277 2557 aut
302 2513 367 2556 non
390 2496 544 2575 cogitare.
1047 2514 1048 2517 ’

147 2615 180 2660 v.
203 2593 255 2661 ll.
270 2594 396 2660 Omissa
417 2595 637 2661 declaratione
658 2597 706 2658 rei
726 2613 825 2676 quam
844 2593 1041 2661 Nicodamus
1063 2598 1209 2678 rogabat,

67 2698 188 2778 quippe
208 2716 307 2776 quam
327 2699 468 2761 bumana
491 2717 579 2762 mens
598 2698 790 2778 praesertim
817 2716 898 2761 vero
915 2716 1052 2762 carneus
1072 2697 1212 2762 Iudaeus

69 2797 251 2878 intelligere
273 2799 361 2862 haud
386 2801 523 2875 valeret,
549 2799 673 2862 omissis
697 2801 775 2862 item
796 2798 866 2861 aliis
887 2799 1098 2880 argumentis,
1120 2798 1214 2862 Chri-

67 2905 139 2962 stus
166 2900 396 2962 auctoritatem
416 2906 524 2980 urget,
547 2917 586 2963 ao
606 2901 632 2962 si
653 2900 787 2962 diceret:
805 2897 916 2975 Quum
936 2899 1017 2963 scias
1037 2918 1085 2962 me
1105 2920 1126 2961 o
1149 2898 1213 2961 Dco

67 2998 188 3061 venisse
208 2998 394 3081 mopistrum
421 3019 453 3063 v.
479 3000 517 3079 2,
543 3001 608 3063 iam
632 3001 712 3063 mihi
738 3003 818 3064 haec
848 3008 880 3064 tc
908 3001 1036 3064 docenti
1060 3019 1098 3064 ac
1127 3005 1215 3064 testi-

67 3104 179 3165 monio
206 3119 279 3164 meo
307 3102 414 3165 crede.
446 3099 495 3164 lta
517 3099 671 3186 Cyrillus.
695 3100 781 3165 Nota
809 3103 890 3164 baec
917 3101 1071 3182 pluralia,
1085 3099 1213 3176 scimus,

68 3200 247 3282 loquimur,
274 3199 412 3263 vidimus
419 3244 431 3275 ,
460 3209 610 3264 testamur
617 3245 629 3276 ,
648 3200 857 3263 testimonium
884 3208 1045 3275 nostrum,
1072 3221 1215 3281 quorum

69 3305 137 3367 vim
159 3303 254 3366 iacile
281 3303 398 3366 senties
426 3303 452 3365 si
481 3322 518 3366 ea
546 3304 694 3366 conteras
719 3322 794 3366 cum
819 3301 865 3364 lo.
893 3300 984 3378 Vlll,
1010 3299 1135 3368 16-19.
1161 3302 1213 3383 295

72 3401 163 3481 XVI,
184 3401 237 3484 323
260 3402 287 3482 l,
316 3398 491 3468 lu-seo
515 3421 674 3483 quaenam
703 3398 869 3465 uidimus?
897 3399 993 3465 Corte
1022 3421 1086 3464 non
1113 3404 1215 3466 eade

68 3504 189 3585 quibus
217 3502 366 3568 Christus
398 3504 495 3565 modo
522 3504 681 3583 loquutus
714 3505 843 3584 luerat3
876 3505 956 3567 haec
984 3503 1069 3566 enim
1102 3503 1215 3567 lutura

70 3612 174 3668 erant.
199 3604 356 3690 Mysteria
382 3606 484 3686 igitur
513 3607 545 3667 in
572 3607 761 3670 universum
789 3623 873 3686 quae
905 3603 1054 3669 Christus
1081 3623 1139 3667 nos
1160 3605 1216 3666 do-

45 3709 151 3788 cuit3
173 3709 239 3789 ipso
264 3709 344 3771 haee
371 3705 506 3780 viderat,
531 3707 599 3788 ipsc
621 3706 746 3770 sciebat.

151 3830 183 3876 v.
213 3808 263 3875 12.
291 3808 446 3875 Caussam
470 3809 566 3872 atlert
589 3829 651 3873 cur
681 3809 933 3872 declarationem
959 3816 1216 3889 argumentoque

69 3911 234 3977 dictorum
258 3913 396 3976 omittat.
430 3911 569 3975 Videtur
593 3908 742 3975 Christus
766 3916 913 3991 spectare
943 3910 984 3971 ad
1016 3907 1153 3974 ludaeos
1186 3910 1218 3970 in

69 4016 263 4081 universum
291 4015 398 4097 potius
427 4033 526 4096 quam
551 4014 591 4075 ad
617 4011 843 4094 Nicodemum,
873 4029 988 4092 quare,
1015 4030 1099 4092 quae
1120 4010 1213 4085 dicit,

68 4116 242 4199 pertinent,
267 4136 332 4183 non
352 4118 392 4182 ad
406 4135 445 4183 ea
470 4135 554 4200 quae
582 4116 659 4180 huic
684 4115 780 4180 modo
803 4115 953 4192 dixerat,
979 4112 1035 4178 sed
1064 4131 1147 4193 quae
1177 4111 1217 4173 ad
