2986 4912
179 316 220 386 54
521 338 552 384 ni
574 335 711 383 tormen
734 332 984 380 consumimur

186 448 250 498 ea:
281 428 360 524 ipsa
387 449 520 523 opera,
548 450 644 523 quac
673 443 741 520 ‘ego
770 425 881 506 facio,
917 423 1167 498 testimonium
1196 425 1327 522 perhi-

186 553 275 627 bent
308 555 352 628 de
383 578 468 640 me,
501 555 585 651 quia
608 551 717 626 Pater
749 551 849 623 misit
878 573 956 623 me:

292 673 344 753 37
373 694 411 755 et
446 680 507 776 qui
539 679 639 751 misit
676 702 735 750 me
778 677 914 761 Pater,
944 677 1021 773 ipse
1065 678 1321 750 testimonium

184 806 372 901 perhibuit
398 808 443 880 de
473 829 552 879 me:
588 829 704 902 neque
738 827 865 877 vocem
904 804 982 876 eius
1015 828 1187 902 umquam
1215 806 1322 878 audi-

185 932 265 1015 stis
296 955 412 1028 neque
450 933 610 1028 speciem
647 930 726 1003 eius
760 930 914 1002 vidistis.

290 1051 342 1130 38
371 1056 418 1130 Et
451 1057 602 1130 verbum
641 1057 720 1128 eins
754 1078 824 1128 non
860 1055 1004 1128 habetis
1034 1057 1070 1127 in
1105 1056 1206 1128 vobis
1239 1078 1321 1128 ma·

182 1207 285 1257 nens:
314 1185 399 1281 quia
426 1206 534 1281 quem
565 1184 664 1256 misit
692 1183 767 1267 ille,
795 1183 880 1255 huic
909 1206 974 1256 vos
1011 1207 1083 1256 non
1112 1183 1275 1257 creditis

288 1303 339 1382 39
368 1308 589 1382 Scrutamini
626 1309 848 1405 Scripturas,
885 1309 969 1405 qnia
1002 1332 1068 1381 vos
1104 1309 1242 1406 putatis
1280 1311 1319 1382 in

182 1438 270 1532 ipsis
304 1437 417 1510 vitam
447 1450 635 1510 aeternam
668 1437 824 1511 habere:
854 1450 893 1509 et
920 1436 1005 1508 iliae
1034 1450 1133 1522 sunt,
1152 1451 1320 1534 quaete-

181 1564 392 1637 stimonium
425 1565 619 1661 perhibent
647 1565 692 1638 de
725 1588 803 1638 me:

290 1684 342 1763 40
369 1702 407 1763 et
443 1714 515 1765 non
553 1692 664 1765 vultis
698 1694 821 1765 venire
854 1691 899 1763 ad
930 1712 988 1762 me
1020 1701 1074 1764 ut·
1097 1689 1209 1762 vitam
1243 1689 1317 1763 ha-

179 1815 310 1890 beatis.
421 1842 427 1851 ·
1056 1820 1063 1835 '

285 1939 331 2018 tt
364 1945 579 2020 Claritatem
614 1947 660 2020 ab
688 1946 896 2019 hominibus
927 1967 999 2017 non
1033 1943 1184 2040 accipio.

283 2067 335 2146 42
363 2072 433 2147 Sed
462 2075 613 2171 cognovi
646 2098 739 2160 vos,
776 2074 861 2170 quia
888 2071 1120 2146 dilectionem
1145 2071 1210 2146 Dei
1240 2097 1315 2148 non

176 2196 321 2272 habetis
349 2200 386 2272 in
414 2201 531 2274 vobis.

282 2322 333 2402 43
361 2327 438 2424 Ego
477 2329 559 2401 veni
593 2328 628 2400 in
658 2327 803 2400 nomine
832 2325 952 2401 Patris
985 2326 1072 2409 mei,
1096 2340 1133 2400 et
1160 2351 1232 2400 non
1252 2351 1316 2402 ac-

174 2452 294 2550 cipitis
330 2475 406 2525 me:
434 2453 464 2525 si
496 2452 590 2526 alius
618 2451 760 2525 venerit
788 2452 825 2522 in
856 2451 1000 2523 nomine
1021 2473 1101 2533 suo,
1120 2451 1221 2526 iilum
1246 2476 1314 2527 ac-

174 2578 375 2676 mmmn.'

280 2699 332 2779 tt
359 2703 549 2796 Quomodo
584 2729 647 2779 vos
676 2707 831 2802 potestis
857 2706 1026 2790 credere,
1056 2705 1119 2802 qui
1157 2696 1312 2802 gloriam

172 2831 375 2906 abinvicem
409 2835 586 2932 accipitis:
622 2846 660 2907 et
689 2833 855 2930 gloriam,
885 2857 978 2930 quae
1010 2831 1125 2905 asolo
1144 2831 1309 2921 Dcocst,

171 2982 244 3032 non
257 2996 261 3003 ·
276 2959 482 3057 quaeritis?

278 3081 335 3178 t5,
358 3087 476 3163 Nolite
503 3103 633 3185 putare
658 3088 741 3184 quia
776 3111 843 3184 ego
877 3099 1114 3161 accusaturus
1142 3090 1211 3161 sim
1242 3113 1309 3163 vos

172 3214 267 3308 apud
299 3212 459 3289 Patrem.
481 3229 538 3289 cst
565 3217 627 3313 qui
656 3228 804 3289 accusat
823 3238 888 3288 vos
908 3213 1065 3310 Moyses,
1091 3215 1218 3312 inquo
1243 3241 1310 3290 vos

124 3351 132 3360 “
171 3342 339 3436 speratis.
613 3337 615 3342 ’

278 3460 329 3539 tn
357 3466 394 3540 Si
423 3468 520 3541 enim
547 3469 744 3542 crederetis
773 3466 902 3563 Moysi,
931 3467 1129 3541 crederetis
1153 3465 1308 3542 forsitan

168 3604 206 3666 et
235 3593 340 3665 mihi:
371 3595 415 3667 de
446 3619 503 3670 me
542 3594 638 3668 enim
672 3595 733 3667 ille
767 3594 925 3692 scripsit.

273 3713 323 3792 li'i
353 3718 390 3792 Si
424 3733 548 3793 autem
582 3719 678 3793 illius
726 3719 858 3794 litteris
895 3743 967 3793 non
1006 3719 1179 3792 creditis:
1216 3743 1308 3816 qno-

167 3845 275 3919 modo
310 3846 433 3919 verbis
463 3848 554 3920 meis
592 3845 779 3921 credetis?

674 4114 797 4128 5-
