2986 4912
522 364 623 413 clrvr
650 366 790 414 oncrum
813 369 957 424 ovrnrvu
1252 353 1310 421 181

254 446 290 511 ln
310 451 414 530 prima
435 451 532 513 huius
553 451 666 532 capitis
687 449 746 514 XV
767 459 859 531 parte
880 472 934 516 vv.
957 449 1025 518 1-8
1045 453 1209 534 Christus,
1231 475 1308 537 pro-

173 550 278 629 posita
303 551 440 629 imagine
461 569 525 630 qua
552 569 587 613 se
618 557 783 631 tamquam
815 553 914 615 vitem
944 555 1118 633 quamdam
1155 556 1309 634 exhibet,

173 651 312 713 ostendit
332 651 377 727 id,
401 652 489 732 quod
511 653 593 714 seire
615 653 760 733 apprime
780 659 889 715 nostra
910 655 1063 731 interest,
1086 657 1132 718 nil
1162 676 1220 719 nos
1244 659 1311 721 sine

174 751 274 831 ipsius
295 770 356 832 ope
377 770 476 832 agere
498 771 591 833 posse
612 753 700 833 quod
722 753 762 814 ad
783 754 907 816 animae
928 756 1067 819 salutem
1087 758 1194 838 adque
1208 764 1313 822 aeter-

172 859 246 913 nam
268 852 368 913 vitam
389 853 559 916 vivendam
574 836 753 916 conducat.
776 851 902 916 Ductus
923 856 1077 920 orationis
1097 858 1144 921 sic
1164 865 1223 921 est.

253 949 363 1032 Imago
386 957 581 1035 proponitur
602 975 655 1018 vv.
679 950 709 1019 l.
732 954 762 1017 2.

253 1050 428 1134 Apostolos
449 1075 518 1119 esse
540 1058 688 1137 palmites
711 1057 774 1117 iam
796 1058 926 1137 quidem
947 1059 1144 1140 depurgatos
1165 1081 1196 1124 v.
1224 1060 1257 1139 3,

253 1154 309 1216 sed
331 1156 390 1235 qui
406 1175 536 1221 neeesse
550 1159 689 1220 babeant
703 1157 735 1218 in
749 1155 890 1234 Christo,
907 1161 1010 1221 veluti
1025 1162 1172 1240 palmites
1186 1163 1219 1223 in
1233 1163 1309 1238 vite,

173 1269 316 1330 manere,
341 1274 427 1332 nam,
451 1257 561 1319 sinon
584 1264 743 1334 maneant,
768 1277 826 1321 neo
848 1259 994 1322 fructum
1016 1261 1121 1323 serent
1141 1282 1171 1323 v.
1194 1260 1226 1338 lt,

252 1363 364 1419 eontra
385 1376 421 1419 ea
454 1377 534 1421 vero
565 1359 707 1421 multum
739 1359 844 1422 ferent
873 1361 900 1422 si
930 1369 1102 1441 maneant3
1136 1362 1229 1425 euius
1260 1365 1308 1426 rei

172 1473 286 1518 caussa
308 1475 386 1520 mox
406 1466 517 1540 aperte
538 1459 728 1539 omissisque
750 1461 928 1524 verborum
941 1463 1219 1527 immutationibus
1232 1465 1308 1527 sub-

174 1557 321 1637 iungitur
341 1578 373 1622 v.
396 1558 426 1624 5.

253 1655 339 1733 Quid
361 1659 417 1722 liet
436 1660 474 1723 iis
495 1661 604 1741 quiin
625 1657 754 1723 Christo
774 1679 838 1725 non
859 1663 1035 1727 manserint
1055 1683 1085 1726 v.
1109 1662 1141 1741 6,

250 1759 328 1837 quid
349 1760 386 1822 iis
408 1756 465 1840 qui
484 1762 660 1824 manserint
680 1780 712 1824 v.
735 1760 765 1824 7.

252 1856 424 1924 Conclusio
446 1882 476 1925 v.
499 1860 529 1926 8.

253 1959 424 2027 Sententiis
446 1965 512 2040 ita,
544 1967 758 2042 missimus,
794 1967 976 2047 dispositis,
1008 1982 1112 2047 quum
1141 1974 1312 2048 praeterea

172 2061 279 2143 imago
299 2064 332 2126 in
355 2066 404 2128 his
425 2067 569 2130 adhibita
590 2086 648 2149 per
668 2088 702 2131 se
724 2070 895 2150 perspicua
915 2069 968 2148 sit,
983 2069 1040 2133 vix
1062 2069 1241 2151 quidquam
1261 2076 1312 2135 est

173 2165 262 2243 quod
283 2167 499 2247 explicatione
520 2168 668 2248 indigeat.

254 2284 285 2327 v.
306 2265 337 2328 3.
362 2265 510 2331 Christus
532 2268 660 2331 dixerat
673 2270 705 2328 in
726 2287 757 2330 v.
781 2267 802 2332 2
822 2269 970 2349 palmites
986 2271 1175 2335 fructiferos
1194 2287 1313 2352 purga·

174 2371 243 2428 tum
264 2366 327 2444 iri,
360 2377 397 2430 ut
415 2370 556 2449 fructum
571 2369 647 2449 plus
667 2371 811 2450 afferant.
834 2368 1006 2451 Subiungit
1028 2373 1106 2436 tales
1129 2392 1198 2436 esse
1220 2374 1313 2436 disci-

171 2466 267 2544 pulos
287 2486 375 2545 suos,
398 2488 462 2532 non
483 2476 589 2533 tamen
608 2471 800 2550 purgatione
820 2471 975 2551 indigere,
997 2492 1078 2552 quos
1098 2474 1168 2555 ipse
1188 2473 1308 2537 doetri-

170 2580 211 2627 na
231 2585 290 2631 sua
310 2569 375 2631 iam
396 2571 532 2634 mundos
553 2567 716 2650 effecerat3

254 2688 307 2733 vv.
329 2663 360 2735 d.
381 2669 412 2735 5.
434 2673 491 2735 sed
513 2674 575 2736 hoc
595 2692 719 2749 unum,
743 2672 902 2752 siquidem
931 2673 1049 2736 uberes
1071 2674 1198 2738 lructus
1221 2675 1309 2738 serre

174 2772 287 2847 velint,
311 2779 349 2835 ut
370 2771 510 2850 Christo,
532 2775 636 2839 veluti
656 2775 803 2855 palmites
818 2774 888 2850 viti,
911 2775 1073 2837 coniuncti
1093 2784 1254 2839 maneant.
1270 2809 1311 2820 —

180 2869 252 2934 Mos
274 2880 345 2936 erat
366 2871 493 2938 Christo
513 2875 546 2936 in
566 2875 768 2938 sermonibus
800 2875 974 2952 habendis,
997 2884 1167 2955 postquam
1188 2876 1312 2956 aliquid

173 2981 370 3052 negaverat,
392 2976 489 3038 huius
512 2977 713 3039 eontrarium
733 2975 917 3051 affirmare,
941 2977 1085 3056 itemque
1110 2978 1313 3040 contrarium

174 3073 256 3150 eius,
279 3074 367 3154 quod
388 3075 479 3155 prius
500 3075 729 3153 affirmaverat,
749 3092 880 3154 negare3
898 3075 985 3155 quod
1006 3081 1039 3138 et
1059 3076 1091 3136 in
1112 3077 1161 3139 his
1182 3077 1311 3141 duobus

175 3175 323 3239 versibus
344 3183 377 3238 et
396 3176 429 3237 in
449 3177 560 3239 alteris
581 3177 721 3254 duobus,
744 3178 801 3255 qui
822 3177 970 3257 proxime
991 3183 1187 3255 sequnntur,
1210 3178 1251 3239 ab
1272 3195 1312 3241 eo

175 3274 299 3338 iactum
313 3277 470 3340 videmus.
482 3312 523 3323 -
535 3275 600 3352 Qui
609 3286 713 3339 manet
731 3276 768 3339 io
788 3297 849 3352 me,
864 3286 893 3339 et
906 3296 959 3356 epo
980 3275 1016 3338 io
1038 3296 1085 3350 eo,
1108 3278 1311 3341 hebraismus

173 3394 236 3456 pro
264 3373 329 3452 Qui
357 3377 519 3440 meoet-io
538 3397 598 3451 me,
621 3387 650 3440 et
670 3377 706 3440 io
734 3397 795 3460 quo
824 3398 876 3458 epo
904 3396 1024 3440 moneo.
1039 3375 1211 3440 —Mutua
1232 3378 1313 3440 haee

174 3479 308 3556 mansio,
332 3480 515 3543 coniunctio
536 3480 667 3560 inquam
692 3481 864 3560 palmitum
885 3485 918 3542 et
938 3478 1037 3557 vitis,
1059 3477 1241 3541 necessario
1262 3495 1314 3542 re-

174 3579 320 3658 quiritur
339 3581 379 3643 ad
400 3582 432 3642 id
453 3589 491 3645 ut
511 3581 659 3661 palmites
684 3583 831 3644 fructum
853 3581 969 3643 ierant.

253 3700 307 3744 vv.
331 3681 360 3746 6.
384 3678 413 3744 7.
438 3680 585 3745 Christus
608 3681 641 3744 in
663 3703 694 3746 v.
712 3682 791 3751 lide
812 3700 863 3756 eo,
887 3680 944 3759 qui
965 3680 997 3740 in
1018 3679 1086 3759 ipso
1108 3697 1172 3740 non
1192 3685 1311 3755 manet,

173 3785 339 3861 tamquam
361 3782 400 3845 de
420 3783 552 3864 palmite
573 3801 592 3845 a
614 3785 679 3846 vite
712 3788 837 3846 resecto
867 3781 1026 3860 loquutus
1059 3785 1107 3842 est
1118 3801 1129 3860 3
1153 3784 1256 3859 quare
1281 3780 1314 3841 in

173 3902 205 3945 v.
227 3881 248 3945 7
269 3884 308 3945 de
328 3883 378 3960 iis,
402 3885 458 3964 qni
478 3884 511 3945 in
531 3885 600 3966 ipso
615 3891 756 3960 manent,
773 3883 904 3947 videtur
925 3882 969 3944 ita
990 3883 1192 3963 loquendum
1213 3883 1311 3946 fuisse

173 3990 212 4046 ut
232 3983 271 4046 de
292 3985 477 4064 palmitibus
498 3985 555 4048 viti
576 3985 836 4061 adhaerentibus,
860 3989 893 4046 et
917 3983 1002 4046 sicut
1022 3984 1061 4046 de
1085 3984 1145 4046 illo
1166 4002 1204 4046 ea
1226 3984 1311 4047 dicta

172 4095 249 4149 sunt
269 4104 354 4165 quae
375 4087 500 4167 palmiti
521 4087 600 4150 fiunt
614 4105 632 4150 a
648 4087 713 4149 vite
736 4090 873 4163 resecto,
889 4085 934 4147 ita
955 4085 995 4147 de
1015 4085 1064 4148 his
1085 4104 1123 4148 ea
1145 4085 1244 4149 inisse
1263 4084 1310 4146 di-

172 4187 272 4249 cenda
293 4205 377 4268 quae
397 4189 583 4269 palmitibus
604 4189 660 4253 viti
681 4188 857 4252 coniunctis
878 4192 952 4250 sunt
974 4187 1119 4268 propria,
1139 4193 1197 4251 aut
1217 4192 1306 4250 certe
