2986 4912
605 284 708 331 cinvr
734 283 879 340 qunrvu
1287 270 1327 336 57

185 387 217 431 v.
242 366 283 433 28
307 367 469 450 Repetitio
498 375 531 432 et
559 369 699 451 amplior
725 371 902 434 declaratio
931 377 1001 433 tum
1028 370 1251 450 primac‚-v.
1280 370 1322 438 29

185 468 256 531 tum
278 468 415 536 alterius
436 471 585 534 rei.-i·.
607 465 648 536 30
672 468 846 533 Conclusio
871 471 994 551 primae
1017 473 1131 552 partis,
1153 472 1222 551 ipsa
1245 490 1323 553 pro-

188 571 347 650 positione
372 573 509 654 repetita
530 578 562 636 et
586 572 747 653 applicata
771 573 811 634 ad
825 574 1034 654 praeeipuam
1055 594 1097 636 ex
1110 575 1174 637 illis
1194 576 1320 638 duabus

188 674 287 733 rebus
311 673 595 752 comprobandam.
626 671 695 734 lam
716 673 756 735 de
777 673 923 753 singulis,
946 692 1030 754 quae
1050 675 1206 754 inprime
1227 683 1319 756 parte

179 779 269 849 sunt,
296 773 452 836 dicamus.

265 892 296 937 v.
324 870 375 938 19.
402 873 530 938 Graeca
555 876 757 940 adverbum
779 876 824 938 sic
846 875 1008 938 reddenda
1028 881 1113 938 sunt:
1131 873 1203 939 Noe
1218 884 1320 954 potest

179 969 268 1049 filios
287 974 390 1052 faeere
404 995 424 1035 a
444 994 475 1036 se
495 974 563 1054 ipso
584 974 756 1056 quidqu-am
766 1019 778 1050 ,
804 975 870 1037 nisi
896 974 973 1055 quid
995 973 1100 1037 videat
1122 985 1245 1054 patrem
1267 979 1318 1057 sa-

181 1071 325 1134 cietatem:
349 1093 558 1155 quaecumque
582 1073 666 1136 enim
686 1075 741 1136 ille
766 1075 888 1155 societ,
913 1077 988 1136 decc
1015 1086 1044 1137 et
1061 1074 1147 1155 fitius
1169 1074 1318 1138 similiter

177 1170 271 1250 fecit.
302 1171 364 1236 Sed
392 1174 476 1237 illud
502 1176 585 1255 qood
605 1176 842 1256 exemplarium
865 1176 1043 1237 latinorum
1067 1174 1317 1254 praeterendum

180 1280 242 1350 est,
266 1275 386 1355 quippe
407 1275 485 1355 quia
512 1294 552 1338 eo
572 1277 773 1356 significetur
796 1285 834 1338 ut
855 1276 941 1339 tilius
961 1294 1025 1338 non
1050 1275 1139 1338 aliud
1160 1282 1317 1355 operetur

177 1391 217 1434 ae
244 1380 356 1453 pater,
379 1396 463 1456 quae
486 1378 674 1458 significatio
699 1396 764 1440 non
788 1378 875 1440 soret
901 1373 1100 1458 pronominis
1126 1376 1222 1457 quid;
1246 1384 1316 1440 tum

178 1473 288 1537 addita
309 1476 394 1539 ratio
418 1477 452 1538 id
473 1478 653 1541 confirmat.
667 1477 793 1542 -Vox
813 1477 897 1540 enim
919 1478 1013 1541 docet
1033 1478 1177 1558 priorem
1198 1496 1317 1557 propo-

175 1573 326 1639 sitionem
347 1578 463 1642 deduci
488 1598 530 1642 ex
554 1581 735 1660 posteriore
741 1601 754 1659 3
780 1581 862 1643 ordo
888 1598 966 1659 ergo
992 1578 1119 1659 logicus
1142 1578 1316 1657 utriusque

176 1677 225 1740 sic
248 1683 308 1741 est:
335 1677 422 1754 Quor
438 1689 532 1758 pater
553 1679 646 1762 facit,
672 1682 747 1742 daec
768 1688 796 1742 et
815 1680 902 1759 fitius
921 1679 1020 1762 facin
1041 1700 1138 1761 quare
1158 1679 1244 1760 fitius
1264 1697 1318 1740 oe·

176 1776 248 1858 quit
268 1798 328 1858 pcr
354 1799 385 1842 sc
414 1780 519 1861 ipsum
544 1781 715 1864 quidquam
740 1785 844 1862 sarcre
865 1779 932 1844 cisi
954 1783 1037 1862 qood
1054 1791 1179 1861 patrem
1198 1779 1320 1862 sociere·

176 1888 237 1940 tem
264 1878 389 1954 videon·
412 1887 581 1945 utentem
605 1883 667 1945 hoc
690 1901 729 1944 ex
756 1883 815 1944 illo
844 1882 1016 1957 efficiatur,
1045 1898 1224 1962 pronomen
1244 1881 1319 1942 decc

178 1981 380 2043 tantumdem
395 1982 505 2045 valeat
524 2002 654 2046 necesse
678 1989 728 2045 est
748 2001 786 2045 nc
810 1983 836 2044 si
857 1981 980 2044 dictum
1001 1988 1095 2044 esset:
1107 1980 1182 2042 doec
1202 1981 1318 2042 sotum-

176 2083 281 2156 modo,
303 2101 370 2144 nort
388 2081 457 2145 elio
472 2093 603 2164 praeter
623 2085 707 2146 loeo.
732 2081 850 2146 Sensus
872 2101 950 2163 ergo
971 2082 1023 2144 hic
1044 2088 1105 2144 est:
1126 2079 1217 2143 Nihil
1230 2080 1317 2142 lilius

181 2182 260 2244 lacit
275 2183 362 2262 qnod
386 2203 451 2246 non
471 2191 583 2265 pater,
607 2185 688 2245 nihil
708 2192 802 2264 pater
822 2184 911 2262 qnod
931 2202 995 2245 non
1019 2182 1105 2244 lilius
1132 2182 1240 2243 iaciat.
1261 2179 1316 2242 Vi·

175 2283 232 2344 des
254 2285 412 2347 rationem
435 2284 600 2347 dictorum
620 2286 653 2345 in
673 2304 704 2347 v.
727 2281 782 2361 17,
799 2303 964 2363 unamque
987 2283 1089 2365 patris
1110 2287 1142 2345 et
1158 2281 1220 2342 filii
1240 2298 1317 2362 ope-

176 2384 349 2460 rationem,
377 2403 476 2463 qnam
500 2384 639 2448 ostendit
661 2386 744 2447 illud
769 2387 907 2448 verbum
928 2406 948 2446 a
971 2403 1002 2446 se
1025 2382 1103 2463 ipso.

253 2504 285 2548 v.
311 2481 362 2552 20.
388 2485 457 2550 Cur
477 2489 522 2550 ita
544 2490 597 2563 sit,
621 2508 735 2551 caussa
760 2509 797 2551 ea
820 2494 880 2563 est,
903 2488 992 2567 qnod
1012 2493 1107 2568 pater
1128 2485 1195 2548 lilio
1209 2484 1317 2547 omnia

172 2585 369 2647 demonstrat
388 2605 467 2667 quoe
488 2587 554 2667 ipse
574 2587 669 2669 facit,
690 2589 723 2649 id
744 2608 825 2651 vero
846 2589 923 2668 qnia
944 2589 969 2650 is
990 2585 1099 2667 ditiqit
1116 2585 1232 2665 fitium,
1253 2586 1316 2647 hoc

173 2691 237 2759 est,
264 2686 342 2765 qnia
363 2706 438 2749 cum
463 2706 503 2750 eo
529 2689 636 2750 omnia
657 2707 716 2750 sua
738 2708 850 2751 amore
872 2683 1247 2750 communicat-Illud
1267 2682 1317 2746 tis

177 2783 302 2847 dictum
327 2792 376 2848 est
403 2787 442 2848 de
464 2785 560 2867 signis
584 2794 618 2850 ct
642 2789 808 2850 miraculis
833 2807 918 2867 quae
939 2785 1030 2849 lesus
1053 2786 1200 2848 iaciebat.

254 2905 287 2948 v.
309 2883 361 2950 21.
388 2885 484 2948 Certe
505 2907 570 2950 non
594 2889 676 2950 alios
697 2888 783 2951 filius
804 2907 841 2950 ac
862 2894 956 2968 pater
976 2886 1131 2964 vivificat3
1150 2903 1215 2948 nna
1236 2902 1315 2964 ergo

173 2986 373 3065 operatione.
390 2985 451 3049 Sed
465 2986 565 3066 fitius,
580 3006 656 3069 quos
677 2989 758 3061 vult,
780 2987 942 3066 vivifican
960 3005 1026 3048 una
1046 3004 1126 3065 ergo
1139 2985 1314 3063 utriusque

173 3082 337 3146 voluntas.
349 3084 490 3148 -Haec
511 3086 595 3149 dicta
616 3106 680 3150 non
700 3094 775 3149 sunt
795 3088 835 3148 de
850 3087 1112 3166 quibuscumque
1129 3083 1313 3146 hominibus

174 3202 384 3264 quacumque
399 3187 524 3248 ratione
545 3188 585 3248 ad
607 3189 707 3249 vitam
730 3187 932 3263 revocandis,
955 3186 1046 3248 verbi
1068 3186 1171 3265 gratia
1193 3184 1232 3246 de
1253 3182 1314 3245 La-

175 3302 266 3359 zaro,
292 3284 332 3346 de
353 3286 557 3350 adolescente
583 3287 735 3362 Naimita‚
760 3289 799 3349 de
822 3286 899 3349 lairi
923 3287 1006 3363 filia,
1028 3305 1135 3365 nequo
1162 3285 1247 3346 enim
1271 3283 1311 3344 ad

173 3381 206 3442 id
224 3402 263 3446 ea
277 3402 391 3447 caussa
411 3387 587 3465 pertineret
608 3407 692 3466 qnae
716 3388 924 3467 subiungitur
937 3388 970 3448 in
991 3405 1090 3448 versu
1112 3385 1309 3463 insequente.

172 3479 289 3561 Neque
309 3485 349 3546 de
370 3487 519 3548 omnibus
541 3487 722 3550 hominibus
745 3488 972 3551 resuscitandis
994 3487 1055 3547 snb
1075 3485 1186 3547 mundi
1202 3485 1310 3561 finem;

172 3601 246 3645 nam
265 3583 359 3646 locus
380 3602 444 3646 non
465 3591 549 3646 esset
568 3586 616 3646 illi
637 3587 784 3666 apposito
805 3605 881 3666 quos
900 3586 979 3646 outt.
1002 3582 1097 3646 Dicta
1112 3585 1222 3661 itaque
1236 3589 1312 3645 sunt

171 3681 212 3744 de
236 3681 294 3744 illa
321 3701 406 3760 quac
428 3683 511 3744 inira
539 3705 570 3746 v.
597 3682 638 3748 29
663 3684 849 3757 resurreetio
874 3683 957 3746 vitoe
982 3689 1121 3746 vocatur
1148 3688 1180 3743 et
1207 3700 1311 3743 resur-

170 3780 306 3842 rectioni
318 3781 434 3843 iudicii
454 3785 640 3863 opponitur.
664 3784 721 3847 His
743 3784 891 3849 Christus
913 3782 1049 3845 ludaeos
1070 3782 1201 3861 oblique
1224 3801 1311 3843 com·

169 3883 321 3944 monebat
340 3883 399 3943 nisi
415 3884 455 3943 ab
474 3885 543 3963 ipso
565 3896 728 3946 aeternam
750 3887 850 3947 vitam
871 3903 1004 3964 sperare
1025 3883 1183 3944 nominem
1201 3900 1307 3961 posse,

170 4001 238 4062 qno
262 4000 316 4046 eos
344 3984 443 4045 simul
470 3986 509 4045 ad
535 3984 731 4047 credendum
750 3985 909 4048 incitaret.
933 3984 1040 4049 Vnum
1064 3984 1225 4064 specimen
1245 3982 1308 4051 hoc

169 4089 219 4144 est
239 4081 309 4145 eius
333 4083 372 4145 de
398 4103 464 4165 quo
484 4091 530 4146 est
557 4086 587 4145 in
616 4104 646 4146 v.
670 4080 719 4147 17.
