2986 4912
501 290 601 340 curva
624 290 742 342 parav-n
1159 266 1199 336 25

69 381 104 438 01
124 371 175 451 35,
205 380 254 437 ⁰⁸1
280 397 318 466 τῃ
331 371 482 476 ἕπαυριῦν
488 388 790 467 postridiellictnm
798 396 908 452 autem
919 397 968 452 est
976 395 1126 470 respectu
1137 392 1205 453 eins

72 483 159 562 qnod
178 482 326 562 proxime
346 488 515 543 narratum
536 488 596 561 est,
610 483 672 545 hoc
696 488 755 559 est,
777 481 866 546 lesus
878 483 956 544 abiit
975 483 1008 543 in
1029 479 1208 545 Galilaeam

72 584 225 664 postridie
245 585 315 646 eius
337 583 400 645 diei
421 603 486 662 qno
508 582 655 646 Andreas
675 584 716 645 ad
737 603 812 646 enm
834 585 976 646 duxerat
994 583 1129 647 Petrum
1144 584 1210 646 lra-

72 693 166 762 trem.
188 686 307 750 Verius
327 706 396 749 esse
416 687 548 749 videtur
562 685 747 768 Philippum
768 706 786 749 a
809 685 937 750 Christo
952 693 1104 750 vocatum
1123 694 1207 767 post,

71 808 172 868 quam
191 794 264 851 ante
285 791 382 851 huius
398 788 573 852 adventum
587 789 620 849 in
634 786 826 869 Galilaeam3
842 807 1000 868 quorsum
1014 790 1098 851 enim
1112 790 1209 852 buius

70 891 211 971 regionis
231 892 350 954 mentio
378 897 452 953 ante
477 891 565 953 illius
587 890 635 952 rei
661 890 890 966 narrationem,
912 891 973 952 nisi
994 896 1032 951 ut
1053 891 1210 952 sciremus

69 1011 145 1055 eam
169 1011 239 1055 rem
259 993 377 1055 tactam
401 993 469 1055 illic
502 989 596 1056 esse?
624 992 712 1069 quod
735 989 925 1053 Bethsaidae
946 993 1210 1055 commemoratio

71 1095 252 1158 confirmat.
280 1093 399 1159 Confer
423 1093 470 1157 lo.
500 1092 575 1170 Xll,
590 1090 641 1156 21.
657 1127 697 1136 -
711 1091 779 1155 lam
803 1092 928 1173 pridem
950 1090 1061 1154 Iudaei
1084 1092 1209 1172 graecis

73 1195 255 1258 nominibus
280 1196 329 1257 nti
355 1180 538 1275 coeperant.

154 1319 186 1362 v.
211 1293 261 1364 dli.
291 1296 339 1361 Dc
360 1297 531 1361 Bethsaida
558 1297 758 1377 disputatum
785 1297 940 1360 habemus
971 1297 1004 1359 in
1037 1315 1135 1377 opere
1173 1297 1212 1360 dc

72 1399 258 1480 Evangeliis
284 1398 320 1462 L.
334 1397 376 1477 ll.
393 1398 511 1462 Annot.
537 1397 685 1462 Lxxlll.
712 1395 1108 1477 LXXV1113L.111.Diss.
1124 1397 1208 1461 XLI.

74 1521 107 1565 n.
122 1500 249 1581 33Diss.
273 1499 373 1565 XLII.
389 1520 420 1564 n.
444 1500 475 1564 7.
917 1586 919 1591 Ι

155 1624 186 1667 v.
212 1601 262 1670 45.
290 1602 429 1681 Quinam
455 1606 515 1667 iste
543 1602 740 1679 Nathanael,
768 1605 824 1683 qui
861 1623 1020 1684 nusquam
1049 1613 1215 1686 comparet

64 1708 137 1770 *nisi
156 1708 189 1768 in
209 1708 314 1788 primo
336 1708 415 1769 etin
434 1713 599 1787 postremo
620 1706 725 1786 capite
745 1706 842 1768 huius
857 1707 1014 1786 evangelii
1022 1705 1038 1770 2³
1053 1705 1213 1787 Apostoli,

75 1828 220 1890 quornm
241 1809 369 1871 nomina
389 1828 453 1872 non
471 1809 630 1889 leguntur
649 1809 682 1869 in
702 1809 765 1871 boc
787 1810 965 1888 evangelio,
987 1815 1063 1873 sunt
1081 1809 1215 1873 loannes

75 1917 112 1974 et
130 1909 267 1974 lacobus
288 1911 406 1973 iratres
426 1910 485 1971 tilii
505 1908 672 1985 Zebedaei,
697 1908 834 1974 lacobus
855 1910 941 1972 tilius
963 1907 1112 1990 Alphaei,
1136 1909 1216 1972 Rar-

70 2011 293 2087 tholomaens‚
309 2008 507 2086 Matthaeus,
530 2010 638 2074 Simon
659 2010 795 2075 Zelotes.
820 2009 1052 2074 Nathanaelem
1067 2013 1130 2074 non
1144 2030 1213 2075 esse

77 2133 222 2176 nnuma
249 2113 322 2176 filiis
346 2111 518 2190 Zebedaei,
544 2121 675 2194 praeter
699 2115 778 2176 alias
808 2114 964 2189 rationes,
990 2115 1045 2176 vel
1065 2115 1126 2178 bac
1149 2134 1213 2178 una

76 2214 229 2292 efficitur,
256 2216 344 2295 quod
358 2216 391 2277 in
404 2213 451 2278 lo.
467 2214 557 2293 XXI,
572 2213 668 2278 billis
684 2216 810 2278 dnobus
828 2214 1046 2295 distinguitur.
1064 2212 1212 2292 lacobus,

79 2315 219 2397 Alpbaei
232 2315 331 2392 filius,
346 2316 529 2381 notissimus
544 2322 615 2379 erat
629 2316 826 2379 hocnomine
840 2316 872 2376 in
886 2316 1050 2396 primitiva
1064 2317 1213 2395 ecclesia;

77 2435 139 2479 cur
153 2436 231 2497 ergo
246 2416 380 2481 loannes
394 2418 521 2480 nomine
535 2418 641 2480 minus
652 2423 728 2480 noto
739 2415 940 2480 Nathanaole
951 2436 1026 2479 eum
1037 2415 1215 2496 signasset?

77 2515 141 2579 Sed
165 2537 270 2598 neque
291 2518 376 2580 idem
398 2537 435 2581 ac
459 2516 646 2581 Matthaeus
670 2515 852 2580 Nathanael
876 2522 939 2596 cst,
966 2517 1054 2596 qnod
1081 2519 1215 2581 historia
1241 2518 1244 2523 ’

77 2617 146 2696 ipsa
171 2617 210 2679 de
238 2616 404 2681 Matthaeo
424 2637 482 2680 nos
503 2617 608 2680 docet.
637 2615 792 2697 Superest
809 2622 848 2678 ut
867 2614 1050 2678 Nathanael
1070 2617 1154 2678 idem
1175 2619 1216 2681 sit

78 2734 116 2779 ac
130 2715 400 2780 Bartholomaeus
415 2719 469 2781 vel
482 2716 592 2781 Simon
606 2715 743 2779 Zelotes.
760 2715 885 2779 Verum
899 2718 1119 2781 animadverte
1133 2717 1216 2780 Bar-

36 2802 39 2806 ’
79 2816 294 2896 tholomaeum,
312 2818 399 2898 (non
426 2817 712 2898 Barptolemeeam,
740 2819 824 2881 sicut
850 2819 954 2881 insciti
977 2817 1215 2897 praecissatorcs

79 2918 223 2981 scribere
243 2916 390 2997 amant),
406 2919 491 2981 idern
512 2937 626 2981 sonare
647 2938 685 2981 ac
702 2915 804 2997 fitium
828 2916 1019 2992 tholomaei,
1034 2925 1132 2998 atque
1146 2938 1214 2983 esse

79 3019 174 3099 quasi
201 3038 378 3099 cognomen
402 3021 502 3099 quod,
532 3020 616 3082 sicut
644 3016 772 3095 Graeci,
801 3019 846 3081 ita
870 3024 904 3080 et
923 3017 1064 3082 Hebraei
1083 3037 1102 3081 a
1122 3026 1215 3100 patre

79 3120 292 3198 deducebant,
317 3127 356 3183 ut
379 3127 454 3183 sunt
480 3119 589 3184 Simon
609 3115 769 3194 Bariana,
794 3119 904 3199 Ioseph
926 3117 1083 3193 Bersabe,
1108 3118 1217 3199 Ioseph

79 3219 246 3295 Bernaba,
268 3227 301 3284 ct
317 3222 433 3285 similia
451 3224 580 3284 horum.
598 3219 631 3284 Si
651 3219 831 3284 Nathanael
845 3221 930 3281 idem
948 3227 1032 3283 essct
1044 3240 1082 3284 ac
1096 3218 1215 3298 Simon,

72 3318 106 3384 ‘is
127 3323 258 3401 quidem
279 3323 344 3384 dno
364 3323 492 3384 nomina
511 3322 688 3399 habuisset,
711 3321 799 3401 quod
819 3322 933 3400 utique
953 3322 1088 3385 subinde
1108 3321 1216 3399 tiebat,

80 3423 145 3486 imo
166 3424 241 3502 tria,
264 3443 338 3484 nam
358 3430 391 3485 et
412 3420 599 3486 Cananaeus
613 3443 684 3499 sen,
709 3422 796 3502 quod
817 3424 928 3486 verius
953 3428 1011 3500 est,
1037 3420 1216 3498 Cannaens,

73 3525 144 3603 ,boc
158 3531 207 3588 est
220 3524 358 3602 Zelotes,
376 3525 569 3601 vocabatur,
585 3525 640 3586 sed
655 3523 899 3586 bartholomaei
919 3524 1091 3604 proprium
1105 3542 1222 3586 nomen

80 3625 299 3704 ignoraretur.
322 3625 387 3688 Vix
408 3644 486 3705 ergo
507 3625 720 3687 dubitandum
740 3622 968 3688 Nathanaelem
983 3624 1132 3709 eumdem
1153 3643 1222 3688 esse

81 3746 120 3791 ac
140 3726 425 3791 bartholomaeum.
455 3727 538 3792 Erat
560 3727 586 3790 is
621 3726 762 3808 piscator
792 3727 877 3799 sicut
909 3727 1059 3808 plerique
1094 3732 1222 3807 aposto-

82 3831 194 3894 lorum
210 3826 263 3912 (ll.
688 3827 695 3840 '

150 4068 242 4138 (1310.
266 4072 336 4141 xm,
356 4071 384 4122 a.
