2986 4912
395 358 496 408 carvr
517 354 655 408 oacrum
678 356 821 407 rurrrvu
1121 312 1181 411 tsr‘

155 445 181 526 9
208 446 302 526 Dicit
328 449 362 525 ei
388 448 513 525 Simon
530 446 673 524 Petrus:
692 445 858 535 Domine,
872 469 944 522 nou
960 459 1100 523 tantum
1116 472 1181 548 pe-

50 579 115 656 des
141 603 257 665 meos,
285 579 349 654 sed
376 592 413 654 et
439 600 582 665 manus,
606 589 644 652 et
663 588 784 674 caput.

158 703 209 784 10
236 706 331 783 Dicit
357 707 391 782 ei
405 708 519 782 lesus:
548 703 617 796 Qui
644 704 740 780 lotus
768 718 839 792 est,
867 730 938 781 non
965 706 1101 806 indiget
1114 708 1183 782 nisi

52 848 95 911 ut
121 834 231 933 pedes
258 834 369 924 lavet,
397 835 461 910 sed
484 846 541 909 est
563 833 718 909 mundus
746 846 857 909 totus.
886 833 935 909 Et
970 858 1035 911 vos
1063 836 1186 913 muudi

53 962 156 1051 estis,
171 962 236 1038 scd
262 986 334 1037 non
362 984 502 1036 omnes.

165 1084 210 1164 11
242 1087 387 1164 Sciebat
406 1089 502 1164 enim
522 1088 688 1188 quisnam
715 1102 814 1164 esset
841 1087 902 1187 qui
918 1087 1078 1164 traderet
1092 1114 1188 1165 eum:

54 1230 248 1318 propteroa
267 1217 371 1291 dixit:
399 1213 478 1291 Non
502 1217 591 1292 estis
610 1217 734 1293 mundi
759 1240 898 1292 omncs.

164 1339 214 1420 12
242 1342 440 1443 Postquam
468 1368 554 1442 ergo
586 1345 675 1420 lavit
690 1345 801 1443 pedes
829 1367 969 1434 eorum,
996 1361 1034 1420 et
1052 1347 1191 1444 accepit

56 1471 276 1548 vestimenta
303 1495 380 1546 sua:
397 1494 479 1552 cum
495 1469 721 1547 recubuisset
748 1472 894 1560 iterum,
921 1471 1014 1548 dixit
1028 1472 1093 1548 cis:
1110 1473 1189 1548 Sci-

56 1600 107 1675 tis
133 1600 219 1698 quid
246 1599 394 1674 fecerim
422 1597 556 1675 vobis‘l

166 1721 216 1804 13
243 1726 316 1802 Vos
335 1730 474 1803 vocatis
503 1750 563 1805 me
581 1725 765 1827 Magister,
794 1740 832 1803 ct
859 1726 1024 1804 Domine:
1041 1742 1079 1806 et
1099 1727 1191 1804 bene

59 1855 193 1932 dicitis:
222 1880 303 1932 sum
331 1857 479 1932 etenim.

169 1977 220 2060 lt
247 1983 284 2059 Si
303 2008 473 2083 ergoego
488 1984 560 2060 lavi
574 1984 685 2084 pedes
702 1983 1052 2073 restros,l]ominus,
1067 1997 1105 2060 et
1123 1981 1193 2058 Mar

63 2114 188 2212 gister:
208 2123 247 2186 et
264 2135 329 2186 vos
343 2111 484 2187 debetis
510 2110 603 2188 alter
622 2110 771 2188 alterius
797 2112 919 2188 lavare
947 2113 1072 2212 pedes.

174 2233 224 2315 15
252 2237 470 2337 Exemplum
489 2239 584 2314 enim
600 2239 682 2314 dedi
700 2240 816 2328 vobis,
831 2253 872 2315 ut
889 2238 1194 2340 quemadmodum

66 2391 136 2468 ego
161 2366 233 2442 feci
259 2366 375 2455 vobis,
394 2367 445 2442 ita
472 2380 511 2441 ct
537 2389 602 2441 ros
629 2367 782 2443 faciatis.

174 2490 224 2570 16
251 2492 381 2583 Amen,
409 2517 516 2571 amen
542 2494 622 2570 dico
649 2494 768 2570 vobis:
796 2494 875 2571 Non
889 2509 947 2572 est
973 2518 1100 2570 servus
1115 2516 1195 2568 ma·

67 2627 123 2702 ior
149 2622 303 2701 Domino
321 2647 398 2699 suo:
419 2647 535 2723 neque
555 2624 741 2723 apostolus
757 2625 871 2699 maior
885 2635 943 2699 est
961 2647 1018 2709 eo,
1036 2624 1097 2723 qui
1125 2623 1197 2696 mi-

66 2754 117 2829 sit
144 2752 259 2827 illum.

176 2875 226 2955 17
254 2879 292 2955 Si
305 2880 396 2957 haec
422 2881 537 2970 scitis,
556 2879 654 2956 beati
681 2881 782 2956 eritis
810 2882 841 2956 si
867 2879 1027 2956 feceritis
1054 2902 1111 2953 ea.

176 3000 227 3083 18
252 3006 331 3083 Nou
345 3009 389 3084 de
416 3008 583 3085 omuibus
603 3010 705 3085 robis
723 3010 815 3085 dico:
837 3033 903 3107 ego
931 3009 1005 3083 scio
1020 3031 1111 3108 quos
1126 3005 1201 3080 cle-

67 3136 197 3236 gerim:
226 3136 291 3214 sed
317 3148 359 3212 ut
386 3135 626 3234 adimpleatur
657 3135 863 3235 Scriptura:
896 3134 965 3226 Qui
1006 3134 1201 3209 manducat

68 3287 214 3341 mecum
241 3287 386 3364 panem,
413 3263 551 3338 levabit
565 3276 691 3338 contra
717 3286 776 3338 me
804 3263 1012 3338 calcaneum
1041 3283 1159 3336 suum,

178 3385 229 3467 19
256 3390 396 3466 Amodo
422 3389 503 3466 dico
531 3390 646 3479 vobis,
666 3393 875 3491 priusquam
894 3391 971 3467 fiat:
992 3403 1032 3466 ut
1047 3413 1129 3465 cum
1149 3389 1203 3463 la-

71 3532 173 3595 ctum
199 3517 324 3607 fuerit,
352 3518 521 3606 credatis,
537 3519 620 3616 quia
647 3541 714 3616 ego
741 3541 834 3592 sum.

176 3641 230 3722 20
257 3646 388 3735 Amen,
416 3670 522 3722 amen
550 3646 630 3721 dico
653 3645 772 3720 vobis:
793 3642 861 3735 Qui
880 3644 1011 3743 accipit
1038 3645 1069 3718 si
1095 3665 1204 3743 quem

70 3774 219 3859 misero,
247 3797 306 3850 me
334 3775 481 3874 accipit:
501 3773 562 3874 qui
581 3785 705 3851 autem
722 3796 783 3848 mc
797 3773 940 3871 accipit,
959 3771 1089 3872 accipit
1108 3793 1205 3859 eum,

71 3901 133 4001 qui
161 3924 220 3977 mc
247 3900 359 3978 misit.

176 4023 225 4106 21
256 4028 349 4105 Cum
374 4031 465 4106 hacc
500 4030 653 4106 dixisset
680 4030 794 4119 lesus,
814 4029 981 4107 turbatus
1010 4037 1067 4102 est
1095 4023 1207 4123 spiri-

73 4169 127 4232 tu:
157 4169 195 4233 et
213 4171 439 4257 protestatus
458 4172 528 4248 est,
544 4171 581 4253 et
595 4158 698 4235 dixit:
721 4160 850 4247 Amen,
871 4181 976 4234 amen
996 4156 1075 4232 dico
1090 4152 1204 4227 vobis:

73 4282 166 4375 Quia
195 4312 287 4364 unus
315 4313 360 4365 ex
389 4287 491 4364 robis
519 4289 638 4364 tradet
665 4311 736 4363 me.
