2986 4912
491 309 593 356 cerm
616 309 759 366 ernrvn
1157 296 1197 361 53

168 393 220 505 25
249 397 380 485 Amen,
409 421 516 472 amen
543 398 623 472 dieo
651 398 768 484 vobis,
787 399 871 496 quin
900 402 1000 474 venit
1028 403 1129 489 hora,
1154 417 1192 477 et

61 549 158 600 nune
191 538 266 612 est,
299 526 443 623 quando
475 526 610 597 mortui
644 524 792 597 audient
820 549 946 599 vocem
985 527 1066 601 Filii
1100 528 1192 602 Dei:

62 653 195 750 etqui
228 653 420 737 audierint,
454 651 591 725 vivent.

171 773 224 853 26
253 778 354 852 Siout
382 777 478 851 enim
508 776 618 850 Peter
645 778 757 853 hebet
791 781 903 852 vitem
919 781 955 852 in
984 778 1219 882 semetipsoz'

67 906 120 979 sie
158 905 258 980 dedit
289 918 328 979 et
359 902 449 977 Filio
488 903 623 979 habere
661 906 773 976 vitam
806 907 841 977 in
872 908 1089 1003 semetipso:

173 1028 226 1107 27
256 1044 294 1106 et
326 1044 546 1129 potestatem
567 1032 666 1105 dedit
694 1033 727 1105 ei
753 1033 923 1105 indicium
953 1034 1093 1120 faeere,
1115 1035 1199 1132 quin

67 1159 182 1232 Filius
218 1159 376 1232 hominis
414 1170 483 1230 est.

173 1277 228 1357 28
254 1282 374 1357 Nolite
402 1282 526 1354 mirari
555 1282 641 1366 hoo,
679 1282 764 1378 quia
794 1285 893 1357 venit
921 1286 1029 1370 hore,
1060 1287 1096 1358 in
1129 1312 1200 1384 qua

68 1433 211 1496 omnes,
244 1410 305 1509 qni
339 1411 374 1482 in
404 1412 651 1484 monumentis
680 1422 778 1495 sunt,
808 1413 956 1487 audient
993 1437 1118 1488 vocem
1144 1413 1203 1487 Fi·
1300 1387 1303 1392 ⁸

65 1535 106 1608 lii
135 1534 220 1609 Dei:

178 1657 231 1736 29
259 1675 297 1737 et
316 1665 522 1762 ,procedent
554 1665 616 1760 qui
652 1663 747 1737 bone
786 1665 972 1750 fecerunt,
1006 1666 1042 1738 in
1079 1691 1200 1741 resur·

71 1790 273 1864 rectionem
309 1793 424 1866 vitae:
463 1791 524 1888 qni
559 1813 645 1864 vero
674 1790 769 1863 mala
799 1805 965 1888 egerunt,
999 1793 1036 1863 in
1077 1816 1205 1867 resur-

72 1919 273 1992 rectionem
302 1919 435 1993 iudicii.

182 2038 234 2119 30
262 2043 339 2119 Non
373 2069 522 2142 possum
556 2067 622 2141 ego
652 2046 832 2143 ameipso
851 2045 971 2118 faeere
996 2046 1206 2142 quidquem.

74 2174 178 2247 Sient
205 2173 334 2258 audio,
363 2173 496 2246 iudioo:
528 2185 565 2244 et
602 2172 771 2246 indicium
807 2195 928 2245 meum
962 2173 1099 2245 iustum
1129 2186 1211 2246 ostt

74 2299 262 2396 quianon
298 2322 433 2397 quaero
467 2297 692 2372 voluntatem
726 2321 861 2385 meam,
881 2299 945 2372 sed
982 2299 1209 2375 voluntatem

77 2428 171 2513 eius,
205 2428 267 2524 qni
295 2427 395 2501 misit
422 2449 494 2499 me.

189 2545 236 2626 31
270 2552 307 2626 Si
345 2576 411 2648 ego
447 2553 693 2628 testimonium
715 2551 889 2649 perhibeo
908 2552 953 2624 de
973 2553 1135 2651 meipso,
1155 2565 1211 2627 te-

78 2679 289 2754 stimonium
328 2702 450 2755 meum
483 2703 555 2754 non
584 2693 642 2755 est
669 2704 816 2754 verum:

184 2799 236 2879 32
269 2805 376 2880 Alius
405 2820 475 2893 est,
504 2806 566 2903 qui
595 2807 843 2880 testimoninm
872 2806 1041 2903 perhibet
1068 2806 1113 2878 de
1138 2828 1209 2878 me:

80 2944 118 3005 et
153 2932 228 3006 seio
261 2933 345 3029 quia
381 2957 508 3008 verum
542 2933 895 3018 esttestimoninm,
924 2933 1018 3030 quod
1043 2932 1212 3030 perhibet

80 3058 126 3131 de
155 3082 226 3132 me.
601 3141 607 3151 ..
1260 3033 1267 3043 ⁴

189 3178 240 3261 33
270 3184 342 3260 vos
360 3186 513 3260 misistis
532 3186 578 3260 ed
597 3187 783 3261 loannem:
806 3201 843 3260 et
861 3188 1109 3262 testimonium
1128 3211 1212 3284 per-

81 3311 386 3387 mmbmmm.

192 3433 244 3514 3AE
272 3439 349 3538 Ego
377 3452 500 3514 autem
529 3465 602 3513 non
639 3441 684 3515 ab
716 3442 863 3517 homine
893 3442 1214 3518 testimoniumac·

87 3567 194 3665 cipio:
224 3567 287 3640 sed
315 3568 405 3640 haee
433 3567 513 3641 dieo
540 3582 581 3642 nt
609 3594 674 3642 vos
702 3570 794 3642 salvi
823 3572 915 3644 sitis.

192 3686 244 3768 35
273 3693 337 3768 lile
353 3706 446 3781 ‚erat
478 3694 626 3768 lucerna
661 3698 807 3781 ardens,
840 3711 878 3771 et
900 3697 1037 3771 lucens.
1060 3695 1132 3769 Vos
1151 3718 1216 3768 eu-

87 3835 164 3894 tem
197 3819 363 3894 voinistis
397 3820 441 3892 ad
473 3820 600 3894 horam
635 3823 800 3897 exultare
838 3825 872 3896 in
902 3823 981 3898 luce
1015 3823 1105 3896 eius.

193 3941 246 4021 36
274 3946 350 4044 Ego
384 3959 508 4021 autem
537 3947 654 4021 haheo
688 3951 937 4025 testimonium
967 3949 1084 4022 maius
1114 3947 1218 4019 lonn-

87 4097 146 4148 ne.
177 4075 296 4172 Opere
334 4074 444 4160 enim,
475 4098 567 4171 quae
598 4075 698 4149 dedit
727 4077 814 4149 mihi
843 4076 952 4150 Potor
973 4089 1013 4152 ut
1032 4074 1216 4173 perficiem
