2986 4912
489 349 592 397 clrvr
616 349 745 398 scxrvn
1156 330 1197 399 83

58 436 228 518 superbis
250 433 398 500 Christus
420 453 475 498 eos
503 438 676 518 occupavit
700 438 756 517 qui
783 437 874 500 nobis
903 437 985 500 illud
1010 445 1188 519 opponunt,

58 556 123 600 non
147 555 240 617 posse
261 536 512 613 eucharistiam,
539 539 658 617 quippe
680 557 778 617 quam
799 556 868 600 esse
889 538 910 598 ii
932 538 1038 600 solum
1059 538 1193 601 credant

59 640 117 718 qui
138 636 266 702 Christo
289 638 385 700 tidem
406 640 536 716 habent,
553 640 635 702 illud
649 642 775 720 signum
791 641 962 718 essequod
978 637 1125 703 Christus
1141 639 1195 703 lu-

59 738 147 802 daeis
168 739 389 819 promittebat;
410 757 496 816 nam,
518 739 691 817 inquiunt,
717 745 756 802 ut
778 740 834 800 tali
854 739 943 818 signo
965 739 1142 802 auctoritas
1164 747 1197 803 ct

60 839 139 901 tides
161 839 405 918 adiungeretur,
423 839 487 900 alio
509 844 679 919 praeterea
700 839 790 919 signo
805 839 918 901 fuisset
933 857 1024 918 opus.
1042 837 1196 902 Ceterum

58 937 208 1003 Christus
229 941 315 1002 haud
339 940 467 1003 dixerat
488 940 604 1002 sensile
626 941 759 1018 aliquod
780 941 906 1019 signum
927 941 967 1000 ab
989 941 1058 1020 ipso
1084 943 1197 1005 datum

59 1040 113 1120 iri3
135 1041 364 1104 eucharistiam
385 1060 463 1104 vero
485 1041 620 1120 eiusque
643 1048 743 1103 totam
766 1042 923 1103 rationem
938 1047 1037 1119 atque
1061 1044 1196 1106 effectus

59 1142 132 1222 quis
153 1161 217 1204 non
237 1161 297 1223 pro
319 1144 498 1206 certissimo
520 1143 610 1222 signo
632 1144 838 1223 habeatque
864 1141 1011 1207 Christus
1043 1145 1197 1209 doctrinis

60 1245 127 1308 suis
155 1245 251 1308 tidem
273 1242 396 1308 iaciat?
411 1243 526 1323 Neque
548 1245 631 1306 enim
653 1247 714 1308 hac
729 1247 767 1308 de
782 1264 818 1307 re
833 1244 969 1337 λογικως
983 1251 1016 1307 et
1034 1243 1195 1346 θεωρητως

58 1351 280 1430 iudicandum,
302 1353 358 1415 sed
379 1349 499 1432 ήθικως
513 1355 546 1412 et
559 1377 753 1456 πρακτικῶς,
769 1358 883 1433 utpote
899 1354 937 1415 de
952 1374 1016 1433 qua
1032 1352 1197 1417 Christum

60 1455 146 1518 inter
166 1455 382 1538 Iudaeosque‚
404 1479 468 1523 non
488 1462 758 1542 philosophorum
772 1477 876 1534 more,
892 1458 948 1520 sed
964 1458 1116 1520 familiari
1130 1475 1198 1519 ser-

61 1576 156 1622 mone
182 1561 349 1639 agebatur.
374 1560 467 1637 Quae
488 1562 636 1627 Christus
658 1568 690 1626 et
712 1561 824 1624 ludaei
844 1561 1029 1640 colloquuti
1049 1565 1142 1636 sunt,
1165 1561 1197 1621 in

59 1677 165 1741 panca
189 1662 311 1724 confer.
326 1661 466 1748 Moyses,
489 1666 617 1727 aiebant
636 1666 669 1726 hi
683 1707 692 1740 ‚
708 1665 804 1725 fidem
831 1663 891 1725 sibi
913 1662 1096 1724 conciliavit
1116 1679 1197 1740 pane

58 1760 150 1821 nobis
172 1760 308 1823 caelitus
329 1764 485 1842 praebito.
508 1763 558 1826 Tu
579 1782 659 1826 vero
681 1763 758 1842 quid
785 1762 849 1823 tale
874 1765 1018 1841 praestas
1031 1758 1047 1822 ζ)
1069 1758 1195 1834 Quibus

59 1859 129 1922 ille:
152 1857 235 1940 Ego,
248 1844 363 1940 inquit,¹
379 1863 506 1943 signum
525 1865 621 1943 longe
642 1862 857 1942 praestantius
877 1860 1084 1922 exhibiturus
1105 1879 1194 1937 sum3

58 1977 134 2023 nam
154 1979 206 2023 me
226 1961 331 2043 ipsum
352 1965 444 2027 vobis
465 1964 697 2027 comedendum
711 1963 884 2043 praebebo.
903 1960 1002 2036 Quid,
1019 1961 1145 2032 amabo,
1162 1961 1195 2021 in

58 2059 108 2122 his
129 2061 234 2123 minus
255 2070 367 2143 aperte
389 2065 512 2127 dictum
532 2065 678 2126 minusve
704 2059 915 2142 opportune?
930 2059 1096 2135 Quorsum
1118 2077 1196 2138 ergo

56 2159 150 2222 litem
171 2161 211 2224 de
231 2164 397 2242 signorum
412 2169 529 2226 natura
551 2182 588 2226 ac
609 2164 705 2225 modo
721 2163 899 2224 excitemus
909 2159 1065 2224 'l-Nota
1079 2159 1111 2218 in
1135 2159 1199 2221 hoc

59 2279 162 2325 versu
182 2262 240 2324 illa
260 2261 314 2324 abi
334 2264 520 2344 erat'prias.

139 2382 172 2426 v.
195 2360 244 2429 hl.
269 2363 408 2427 Frustra
429 2363 677 2428 sacramentarii
699 2372 774 2428 sunt
797 2366 854 2445 qni
879 2365 959 2426 haec
984 2364 1081 2425 verba
1105 2361 1196 2423 uobis

58 2471 239 2544 opponunt,
261 2485 369 2546 neque
393 2488 435 2531 ex
459 2470 508 2530 his
533 2487 677 2548 unquam
702 2468 840 2531 efficient
860 2484 987 2527 caraem
1008 2463 1128 2529 Christi
1149 2482 1199 2524 eo-

59 2566 241 2628 medeadam
265 2573 298 2628 et
324 2568 511 2648 sanquinem
527 2571 703 2649 potandum
732 2570 871 2649 figurate
899 2567 983 2642 dici,
1015 2566 1075 2628 uisi
1102 2570 1198 2628 antea

58 2665 280 2730 demonstrent
291 2669 390 2731 verba
401 2667 534 2749 spiritus
548 2679 577 2730 et
589 2669 657 2732 cita
670 2678 744 2730 suat
759 2668 959 2730 tantumdem
976 2685 1081 2745 neque
1106 2665 1197 2727 aliud

58 2784 176 2830 sonare
199 2787 298 2848 quam
321 2772 479 2832 translata
503 2780 588 2844 suat,
613 2772 658 2833 ita
682 2777 720 2833 ut
744 2768 875 2850 spiritus
900 2777 928 2828 et
951 2766 1019 2828 cita
1043 2767 1128 2827 idem
1155 2767 1197 2828 sit

60 2885 99 2930 ac
125 2870 315 2949 metaphora.
347 2870 507 2950 Christus,
534 2892 637 2952 quum
658 2874 702 2935 ait
722 2873 915 2953 oerba‚qoae
941 2871 1087 2950 loquutus
1111 2873 1195 2945 erat,

58 2966 250 3049 spiritumet
268 2971 368 3034 eitam
388 2992 468 3049 esse,
499 2982 587 3037 certe
611 2993 674 3036 non
701 2975 733 3035 id
761 2974 838 3037 dicit
863 2973 901 3034 de
924 2990 1043 3034 vocum
1068 2970 1197 3046 sonitu,

58 3070 116 3131 sed
146 3069 247 3133 dere
279 3092 377 3152 quam
403 3074 466 3137 illis
494 3076 601 3137 verbis
630 3081 837 3155 exposuerat.
865 3071 983 3135 Sensus
1011 3071 1121 3150 itaque
1150 3075 1199 3132 est

57 3171 290 3235 eucharistiam
315 3173 462 3253 spiritam
489 3184 517 3236 et
537 3175 636 3237 eitam
664 3195 752 3251 esse,
782 3176 947 3256 ipsiusque
982 3172 1197 3235 eucharistiae

58 3273 252 3336 excellentia
268 3280 300 3337 et
320 3277 490 3338 necessitas
512 3279 711 3340 enuntiatur.
737 3274 1019 3352 Quemadmodum
1034 3273 1119 3336 enim
1132 3272 1196 3353 spi-

57 3373 154 3449 ritus,
170 3373 233 3436 boc
254 3381 303 3437 est
322 3376 439 3452 anima,
457 3377 538 3438 hanc
560 3378 671 3452 vitam,
696 3395 793 3456 quam
814 3394 924 3438 omnes
945 3375 1097 3448 vivimus,
1121 3391 1196 3435 con·

58 3473 139 3536 tinet
163 3479 262 3553 atque
287 3476 356 3552 alit,
379 3477 423 3539 ita
449 3479 645 3540 eucharistia
669 3496 741 3540 eam
762 3478 875 3552 vitam,
898 3475 937 3537 de
958 3493 1023 3554 qua
1045 3472 1194 3536 Christus

55 3574 89 3635 in
109 3575 172 3637 hoc
195 3595 343 3640 sermone
364 3578 522 3657 loquutus
547 3584 607 3655 cst,
634 3581 768 3660 ipsaque
789 3579 886 3640 huius
907 3577 993 3639 vitae
1016 3573 1109 3654 quasi
1135 3573 1197 3653 spi-

55 3674 138 3736 ritus
158 3681 206 3739 est
226 3682 324 3757 atque
346 3680 463 3741 anima.
1040 3702 1047 3708 ·

136 3795 167 3839 v.
191 3773 241 3840 65.
254 3775 291 3839 ln
312 3798 429 3859 graeco
451 3780 629 3860 exemplari
650 3798 710 3859 pro
726 3773 825 3840 esseut
838 3785 870 3842 ct
884 3785 958 3838 esset
970 3775 1092 3855 legitur
1108 3772 1156 3842 εἰσ
1163 3796 1191 3843 ιν

53 3888 130 3941 suat
151 3886 184 3942 et
197 3876 285 3948 ἐστιν
306 3891 368 3955 eom·
395 3900 460 3962 qua
485 3884 523 3945 de
551 3902 587 3945 re
609 3883 749 3944 diximus
777 3882 808 3942 in
822 3880 892 3943 Lib.
916 3879 986 3941 lde
1004 3877 1191 3960 Evangeliis

54 4006 83 4049 c.
109 3984 164 4050 lv.
180 4007 211 4051 n.
236 3986 555 4053 6.—Animadvcrte
578 3986 759 4051 cuiusmodi
781 3987 822 4048 sit
836 3987 916 4047 haec
931 3983 1074 4060 scientia,
1092 3998 1190 4061 quam

55 4085 186 4156 Christo
214 4088 348 4155 loannes
373 4090 539 4171 propriam
566 4108 634 4152 esse
655 4088 709 4150 ait.
