2986 4912
560 321 563 331 ·
603 321 703 369 ρΛΡνΤ
726 320 878 378 QVARTVM
1274 302 1314 370 43

161 430 167 439 ’
229 398 314 487 ¹“³2
337 411 588 511 (quamquam
609 413 710 486 iesus
737 434 810 484 non
828 410 1045 506 banffleb
1066 413 1129 485 S⁰d
1148 410 1307 509 di⁸⁰ip¹¹'

175 539 203 613 li
231 539 337 639 eius)

281 661 306 741 3
334 666 480 764 reliquit
495 667 678 751 Iudaeam,
694 679 732 739 et
747 667 837 739 abiit
852 666 984 739 iterum
1008 667 1043 738 in
1063 664 1276 740 Galilaeam.

206 847 210 852 -
280 789 305 868 d
332 795 527 892 oportebat
554 807 678 869 autem
706 817 791 869 eum
819 794 974 867 transire
995 813 1059 890 per
1086 795 1301 868 Samariam.

279 917 304 998 5
332 922 441 997 Venit
468 948 554 1021 orgo
582 924 618 994 in
646 924 831 996 civitatem
862 923 1066 1007 Samariae,
1095 946 1187 1020 quae
1215 922 1306 997 diei-

173 1062 236 1124 tur
263 1048 408 1123 Siehur:
440 1053 542 1124 iuxta
570 1050 770 1146 praedium,
799 1049 896 1146 quod
924 1049 1022 1123 dedit
1038 1047 1144 1122 Iacob
1172 1049 1302 1148 loseph

160 1178 250 1252 11116
278 1191 355 1253 tuo.
941 1173 944 1178 ’

156 1330 160 1364 1
282 1299 306 1378 6
334 1303 424 1378 Erat
451 1317 573 1378 autem
602 1303 651 1376 ibi
679 1300 759 1377 fons
787 1302 908 1377 Iacob.
929 1303 1031 1378 lesus
1060 1327 1145 1401 ergo
1173 1301 1304 1402 fatiga-

171 1445 308 1521 tusex
336 1433 503 1519 itinere,.
519 1430 670 1506 sedebat
697 1431 748 1505 sie
777 1455 885 1529 supra
913 1432 1066 1506 fontem.
1100 1431 1196 1506 Hora
1225 1445 1305 1507 erat

172 1561 279 1657 quasi
307 1573 426 1634 sexta.
721 1558 724 1563 ⁴

280 1680 305 1760 ’1
334 1686 441 1760 Venit
469 1687 600 1760 mulier
626 1687 671 1760 de
699 1684 863 1759 Samaria
891 1686 1036 1761 haurire
1066 1710 1210 1785 aquam.
1245 1686 1308 1761 Di-

170 1815 224 1889 611
251 1813 284 1887 61
312 1812 427 1889 Iesus:
457 1812 510 1887 Da
539 1814 628 1887 mihi
654 1812 793 1888 bibere.

163 1946 167 1955 '
282 1936 307 2016 8
337 1939 539 2042 (Discipuli
567 1942 665 2017 enim
693 1943 772 2016 eius
800 1941 1028 2016 abierantin
1057 1943 1244 2017 civitatem
1264 1958 1306 2016 ut

177 2069 279 2146 eibos
307 2068 516 2169 emerent.)

282 2192 430 2272 9111611
458 2220 545 2295 ergo
573 2197 606 2270 ei
634 2198 767 2272 mulier
795 2196 855 2270 illa
884 2198 1125 2272 Samaritana:
1147 2195 1308 2287 Quomo-

175 2327 223 2401 do
250 2302 294 2400 tu¹
319 2326 475 2409 Iudaeus
503 2347 587 2400 eum
615 2325 679 2412 sis,
706 2324 831 2399 bibere
859 2349 954 2399 ame
969 2326 1103 2423 poscis,
1118 2349 1213 2424 quae
1227 2350 1309 2402 sum

173 2453 306 2527 mulier
333 2450 593 2550 Samaritana?
607 2478 680 2528 non
708 2454 806 2527 enim
825 2467 1023 2530 coutuntur
1037 2455 1160 2529 Iudaei
1180 2453 1307 2528 Sama-

175 2581 318 2657 ritanis.

202 2776 205 2781 .
283 2702 333 2783 10
360 2708 562 2805 Respondit
589 2708 704 2794 16616,
733 2721 770 2782 61
798 2709 891 2783 dixit
918 2711 968 2782 ei:
986 2709 1022 2783 Si
1040 2710 1151 2784 scires
1171 2711 1306 2783 donum

176 2834 262 2924 Dei,
291 2849 329 2911 61
356 2838 437 2935 quis
465 2848 539 2924 est,
569 2837 630 2934 qui
662 2837 750 2910 dicit
782 2836 865 2909 tibi:
891 2836 944 2911 Da
978 2838 1067 2911 mihi
1095 2836 1236 2914 bibere:
1267 2851 1308 2913 tu

175 2965 330 3041 forsitan
357 2967 515 3064 petisses
534 2965 581 3039 ab
600 2989 657 3052 eo,
679 2978 717 3040 et
745 2966 904 3041 dedisset
924 2966 991 3040 tibi
1018 2990 1151 3065 aquam
1170 2966 1305 3042 rivam.

261 3086 332 3167 11
365 3094 512 3168 11161161
541 3093 688 3168 mulier:
714 3094 882 3179 Domine,
908 3093 1024 3193 neque
1053 3094 1089 3167 in
1118 3119 1187 3193 qno
1215 3094 1310 3169 hau-

175 3223 250 3295 rias
265 3222 393 3310 habes,
408 3237 451 3298 61
469 3237 601 3321 puteus
623 3222 719 3296 altus
739 3235 812 3296 est:
830 3224 924 3296 unde
945 3247 1031 3320 ergo
1046 3222 1159 3297 habes
1178 3248 1310 3322 aquam

143 3349 329 3425 rivam?

286 3474 335 3553 12
364 3478 545 3577 Numquid
572 3492 612 3552 tu
633 3481 749 3553 maior
768 3504 807 3554 es
826 3493 930 3576 patre
958 3493 1084 3553 nostro
1113 3479 1232 3566 iacob,
1248 3481 1310 3576 qui

174 3609 274 3682 dedit
300 3608 404 3681 nobis
431 3621 598 3704 puteum,
622 3620 660 3680 61
687 3607 764 3704 ipse
794 3632 840 3681 ex
860 3631 903 3681 oo
930 3605 1036 3692 bibit,
1061 3622 1099 3680 61
1124 3606 1187 3680 filii
1216 3609 1308 3694 eiua,

176 3748 215 3809 et
241 3760 372 3833 peoora
401 3734 510 3809 eius?

284 3858 333 3938 13
361 3864 564 3963 Respondit
591 3865 707 3952 lesus,
737 3880 774 3940 et
801 3865 893 3938 dixit
921 3865 971 3938 ei:
1001 3865 1145 3951 Omnis,
1171 3865 1232 3962 qui
1259 3865 1308 3938 bi·

173 3991 230 4066 bit
257 4015 304 4066 ex
329 4014 422 4089 aqua
450 3992 533 4091 hae,
561 3993 661 4067 sitiet
688 3994 834 4068 iterum:
864 3993 939 4090 qui
955 4005 1077 4066 autem
1106 3987 1240 4067 biberit
1259 4017 1305 4065 ex

173 4143 282 4218 aqua,
310 4144 419 4219 quam
445 4145 515 4219 ego
543 4121 636 4197 dabo
665 4123 713 4210 ei,
741 4146 813 4196 non
842 4122 943 4196 sitiet
970 4121 1007 4194 iu
1035 4134 1239 4197 aeternum.

1427 4214 1481 4616 1
