2986 4912
468 350 570 400 clrvr
596 353 778 404 vnnncmvu
1137 341 1198 411 139

61 449 205 496 annuere
226 434 350 512 velles,
373 453 446 497 nam
467 436 599 499 sciebam
619 436 696 518 quie
716 457 832 519 semper
852 457 899 502 me
919 426 1011 504 audis
1021 486 1033 516 ,
1055 443 1107 505 scd
1120 463 1198 524 pro-

54 543 129 615 pter
143 536 296 616 poputum
316 536 372 618 qui
392 537 596 614 circumstat,
625 549 661 602 ut
681 543 761 604 baec
782 543 948 607 audientes
973 546 1102 608 madent
1121 545 1198 628 quia

62 646 99 700 tu
118 635 310 700 meministi.
333 637 449 719 Neque
470 643 554 703 enim
574 641 662 704 Deus
683 641 848 706 annuisset
868 644 1019 724 precibus
1047 647 1116 709 eius
1142 648 1199 728 qui

61 757 146 818 sese,
168 746 207 802 ut
227 738 376 804 Christus
397 742 548 818 faciebat,
565 740 666 807 alteo
687 744 822 807 missum
842 745 1057 825 praedicaret,
1079 766 1138 811 nec
1152 754 1200 812 ta-

62 858 138 902 men
159 858 178 901 a
198 837 267 903 Deo
289 840 404 904 missus
426 847 521 905 esset.

143 959 178 1026 v,
197 934 248 1006 13.
272 939 456 1022 Simplicior
477 948 510 1006 et
530 945 669 1008 vividior
688 942 803 1024 graeca
824 946 934 1010 dictio:
956 944 1091 1048 Λαζαρε
1105 947 1196 1048 drapo

65 1035 123 1122 ἔξω
144 1038 279 1121 lazare,
301 1044 362 1105 bue
381 1047 469 1125 feras
485 1044 649 1126 (Lazaro,
672 1053 735 1128 qud
753 1045 880 1128 fuori).
1100 1114 1113 1137 ὗ

142 1158 173 1204 v.
195 1138 246 1208 lt.
270 1139 442 1216 Quaerunt
463 1145 520 1223 qui
541 1145 686 1225 potuerit
709 1143 854 1208 Lazarus
880 1147 967 1211 toras
998 1149 1130 1230 prodire
1160 1149 1201 1212 e·-

61 1251 156 1324 patus
171 1245 264 1324 pedes
285 1252 456 1307 otmarus.
480 1243 609 1308 Scilicet
630 1247 743 1311 eadem
764 1249 889 1311 ratione
909 1268 975 1328 qua
995 1256 1145 1314 mortuus
1165 1250 1198 1312 in

61 1347 164 1410 vitam
185 1347 317 1411 reverti.
340 1345 423 1410 Tum
443 1367 572 1411 necesse
593 1368 657 1411 non
686 1356 734 1413 est
765 1351 900 1414 credere
931 1352 976 1415 ita
1006 1354 1075 1417 elus
1102 1355 1199 1436 pedes

62 1449 163 1512 tuisse
184 1449 365 1530 colligatos,
388 1456 426 1512 ut
446 1469 551 1530 neque
571 1469 692 1532 paucos
713 1469 854 1530 gressus,
877 1453 992 1516 saltem
1012 1454 1200 1529 difficulter,

64 1548 230 1612 alternare
250 1557 369 1630 posset.

143 1669 174 1714 v.
197 1646 247 1715 15.
269 1648 355 1714 Nota
376 1651 570 1717 narrationis
591 1652 784 1715 clausulam.

143 1770 175 1815 v.
196 1748 237 1817 48
257 1748 465 1814 Verebantur
487 1754 606 1833 quippe
626 1772 666 1816 ne
687 1754 842 1835 populus,
866 1753 973 1819 Iesum
994 1757 1115 1821 habens
1136 1776 1198 1838 pro

59 1851 191 1932 Messia,
214 1855 301 1916 bunc
321 1853 382 1917 sibi
403 1856 512 1934 regem
534 1862 671 1917 crearet.

141 1974 172 2019 v.
195 1952 245 2021 19.
268 1953 317 2019 De
339 1953 460 2036 Caipba
481 1955 585 2036 deque
607 1956 714 2019 verbis
746 1974 817 2017 cem
847 1964 922 2018 esset
944 1956 1092 2039 pontifex
1118 1957 1199 2020 onai

59 2053 164 2130 itlius,
179 2057 278 2123 babes
294 2076 378 2137 quae
391 2059 480 2138 legas
495 2059 528 2120 in
542 2056 611 2120 Lib.
630 2057 677 2119 Ill
693 2059 732 2121 de
746 2055 930 2138 Evangeliis
944 2057 1026 2122 Diss.
1043 2057 1196 2124 XXVIII.

58 2176 113 2218 nn.
136 2154 187 2222 19.
207 2155 258 2222 21.
281 2154 321 2222 25
343 2169 376 2221 et
395 2157 478 2222 Diss.
503 2156 586 2220 XLI.
611 2177 642 2220 n.
659 2152 758 2224 11-
771 2156 827 2220 Vos
840 2157 967 2221 nescitis
981 2157 1153 2240 quidquam
1165 2159 1199 2222 in

58 2260 231 2340 vulgarem
251 2278 433 2323 sermonem
453 2260 498 2322 lta
519 2266 676 2324 verteres:
700 2257 755 2322 Voi
774 2258 853 2322 altri
873 2278 937 2321 eeu
959 2259 1060 2339 capite
1081 2259 1196 2323 niente.

141 2381 173 2426 v.
196 2359 246 2425 51.
268 2358 354 2442 Lege
380 2367 530 2424 nostrum
549 2345 606 2421 libs
629 2358 644 2421 1
665 2361 704 2423 de
726 2361 993 2442 interpretatione
1015 2359 1201 2444 Scriptura-

59 2481 134 2526 rum
154 2480 323 2525 sacrarum
342 2482 374 2524 n.
391 2459 441 2528 89.

140 2583 171 2627 v.
195 2562 244 2628 52.
268 2563 358 2627 Haec
379 2564 504 2628 utravis
534 2564 659 2627 ratione
689 2563 767 2627 licet
797 2565 1021 2645 interpreteris
1032 2585 1044 2644 3
1077 2565 1131 2629 vel
1162 2570 1200 2627 ut

59 2683 145 2745 quae
166 2665 229 2727 siut
249 2684 324 2746 pars
346 2664 499 2743 vaticinii,
522 2665 577 2729 vel
598 2683 616 2727 a
638 2660 758 2728 Ioanne
780 2665 887 2728 addita
902 2684 940 2728 ac
960 2665 987 2727 si
1008 2664 1116 2727 dicere
1131 2664 1201 2727 vel-

60 2765 109 2828 let
128 2766 317 2830 vaticinium
339 2766 471 2844 quidem
492 2765 532 2829 de
553 2764 680 2829 ludaeis
701 2766 824 2827 editum
845 2784 935 2842 esse,
963 2762 1129 2827 Christum
1155 2770 1203 2827 ta-

59 2885 135 2929 men
154 2866 353 2930 moriturum
374 2867 472 2930 tuisse
488 2885 551 2928 ece
567 2874 690 2928 tantem
704 2885 766 2946 pro
782 2884 821 2928 ea
834 2874 936 2946 pente,
953 2871 981 2925 et
995 2873 1105 2926 cetero.
1128 2863 1200 2927 Pri-

60 2986 114 3029 ma
125 2967 266 3030 duarum
280 2968 586 3049 interpretationum
601 2968 737 3029 alteram
751 2972 895 3048 praestat
905 2967 1024 3047 procul
1038 2965 1149 3028 dubio.
1159 2997 1200 3009 -

58 3065 200 3143 Quinam
221 3069 255 3129 hi
274 3069 348 3145 sint,
372 3087 454 3148 quos
476 3065 612 3130 Ioannes
626 3065 709 3147 filios
723 3063 783 3128 Dei
796 3067 952 3149 appellat,
973 3067 1076 3130 disces
1090 3085 1133 3128 ex
1146 3061 1205 3128 Io>

63 3165 91 3245 I,
114 3165 165 3231 12.
188 3164 229 3231 13
250 3188 333 3248 eque
355 3169 424 3231 eius
444 3168 510 3230 loci
532 3167 737 3230 enarratione
758 3185 857 3245 quam
877 3184 976 3246 supra
1001 3167 1186 3230 habuimus.

140 3287 171 3331 v.
193 3264 243 3333 51.
267 3267 413 3349 Ephrem
434 3266 574 3331 Iudaeae
595 3269 674 3331 urbs
696 3277 768 3331 erat
787 3267 937 3348 proxima
952 3267 1087 3331 desertis
1102 3267 1200 3331 huius

57 3369 208 3449 regionis.
232 3366 316 3448 Lege
334 3367 404 3430 Lib.
422 3366 470 3429 III
486 3368 526 3431 de
541 3367 725 3448 Evangeliis
746 3364 829 3430 DIss.
846 3364 994 3430 XLVIII.
1011 3386 1042 3429 n.
1057 3364 1108 3433 29.
1126 3366 1201 3430 Ilua

57 3464 207 3533 Christus
228 3469 358 3533 secessit
378 3469 466 3531 baud
487 3469 598 3531 multis
620 3468 734 3530 diebus
754 3475 828 3548 post
858 3467 1021 3530 Lazarum
1041 3467 1073 3528 iu
1099 3467 1199 3531 vitam

57 3578 261 3635 revocatum.
283 3567 370 3651 Lege
390 3569 460 3632 Lib.
484 3567 516 3631 II
538 3569 577 3631 de
599 3567 785 3649 Evangeliis
808 3566 926 3632 Annot.
950 3565 1066 3631 CXIII.

92 3667 96 3674 ’
136 3690 168 3735 v.
190 3666 241 3732 55.
265 3668 453 3732 Proximum
474 3676 543 3729 erat
557 3668 693 3747 pasche,
715 3685 779 3730 non
794 3686 896 3748 quum
912 3664 1060 3730 Christus
1075 3664 1204 3746 Ephre-

55 3790 148 3833 mum
168 3772 310 3849 secessit,
333 3770 420 3849 quod
441 3768 591 3851 proxime
612 3774 782 3833 narratum
803 3776 869 3846 est,
892 3769 948 3831 scd
970 3786 1091 3848 quum,
1115 3785 1199 3847 quae

53 3872 164 3935 statim
177 3879 371 3952 sequuntur,
384 3870 581 3934 acciderunt.
598 3868 683 3950 Lege
698 3868 768 3933 Lib.
784 3868 816 3931 ll
830 3871 869 3933 de
878 3868 1064 3951 Evangeliis
1073 3866 1193 3932 Annot.

57 3970 172 4038 cxlv.
197 3970 323 4038 CXXX.
348 3971 418 4036 Imo
440 3971 559 4055 paseba
581 3968 778 4049 imminebat,
795 3972 879 4036 sicut
893 3980 1027 4053 apparet
1042 3989 1084 4033 ex
1098 3988 1129 4034 v.
1144 3965 1196 4031 56.

563 4177 688 4198 αρσια-ι·
