2986 4912
172 297 233 368 ’124
512 318 541 364 ru
565 317 702 364 rossana
725 317 973 363 couuauruuvu

172 403 349 485 emphasim
370 402 458 463 illius
479 402 535 463 boc
557 403 715 482 expende;
738 402 826 481 quod
847 402 908 463 nisi
929 401 1000 477 fiat,
1015 400 1119 464 videri
1140 401 1226 465 hacc
1246 420 1315 466 ver-

171 505 211 566 ba
233 509 363 584 possent
383 503 610 583 superioribus
632 503 806 565 contraria.
829 501 886 565 Vis
907 520 987 582 ergo
1009 502 1097 566 vocis
1117 521 1182 564 non
1204 521 1246 565 ea
1266 512 1313 566 est

170 622 209 667 ac
229 605 257 667 si
277 602 425 668 Christus
446 604 492 666 ita
513 605 668 667 dixisset:
691 601 881 668 Mandatum
901 601 1009 682 accepi
1032 623 1053 664 a
1071 613 1166 682 patre
1184 622 1255 664 meo
1278 611 1314 669 nt

171 724 288 788 ponam
309 724 376 766 com
396 725 417 767 a
436 704 591 786 meipso,
613 714 642 767 ct
657 714 840 786 potestatem
860 706 997 769 habeam
1011 703 1152 784 ponendi
1173 724 1264 780 eam,
1285 715 1312 768 et

164 816 347 886 potestatem
368 809 503 870 habeam
524 806 638 870 iterum
657 807 801 869 sumendi
821 826 912 880 earm
935 808 962 870 si
983 807 1068 870 enim
1087 808 1195 870 iussus
1218 824 1238 870 a
1258 826 1313 889 pa-

173 914 223 972 tre
244 909 325 971 haec
347 907 488 984 fecisset,
505 909 562 987 qui
576 907 640 970 dici
660 908 818 988 potuisset
839 927 877 971 ea
899 908 1006 971 iacere
1027 929 1048 969 a
1068 926 1099 969 se
1118 906 1187 987 ipso
1209 909 1314 970 illam-

176 1027 241 1089 que
256 1017 441 1088 potestatem
462 1005 608 1070 babere?
637 1009 693 1070 sed
714 1008 800 1069 huno
820 1026 950 1070 sensum
971 1007 1088 1070 efficit:
1117 1005 1313 1072 Huiusmodi

173 1115 223 1171 est
241 1109 428 1169 mandatum
449 1109 539 1186 quod
560 1106 667 1186 occepi
686 1117 814 1186 epatre
834 1126 929 1180 mco;
951 1107 1055 1183 mihi,
1077 1108 1234 1188 inquam,
1257 1109 1313 1170 boc

174 1216 267 1289 pater
288 1210 453 1272 mandavit
473 1210 533 1272 sub
555 1227 592 1270 ea
615 1209 819 1285 conditione,
851 1208 879 1269 si
898 1209 1029 1272 vellem.
1060 1206 1175 1289 Neque
1204 1215 1312 1273 tamen

172 1317 347 1392 propterea
368 1311 474 1373 minus
495 1329 572 1374 vere
595 1309 743 1373 Christus
764 1309 884 1372 dicitnr
911 1312 1015 1389 sactus
1044 1308 1184 1372 obediens
1215 1329 1311 1392 usquc

172 1414 215 1474 od
234 1421 386 1485 mortem,·
409 1431 449 1474 eo
470 1412 554 1475 enim
575 1412 754 1492 perfectior
774 1417 807 1474 et
825 1411 1023 1473 laudabilior
1043 1412 1225 1476 obedientia
1246 1432 1311 1494 quo

173 1513 320 1575 liberior.
337 1511 411 1576 Non
432 1518 539 1576 tamen
559 1531 775 1592 repugnarem
796 1512 823 1574 si
844 1512 898 1574 cui
918 1513 1026 1592 potius
1047 1512 1218 1575 videretur
1231 1515 1312 1579 hacc

174 1617 218 1679 ita
239 1635 308 1680 esse
329 1617 590 1697 interpretanda,
620 1623 658 1680 ut
673 1625 811 1696 potestas
825 1614 967 1696 ponendi
987 1614 1148 1677 etiterum
1168 1615 1313 1679 semodi

175 1716 317 1780 animam
336 1718 377 1780 ad
398 1716 516 1782 Christi
537 1720 739 1783 voluntatem
760 1718 923 1795 divinam,
955 1718 996 1778 ad
1026 1718 1202 1780 humanam
1228 1735 1310 1783 vero

174 1820 361 1882 mandatum
376 1817 482 1899 patris
512 1819 675 1899 pertinere
701 1819 861 1880 dicantur.
893 1814 1038 1900 Cyrillus
1065 1824 1153 1879 certe
1181 1817 1222 1880 de
1250 1819 1312 1884 bac

170 1928 323 2000 potestate
343 1921 388 1985 ita
408 1921 641 2001 pronuntiavit:
668 1917 759 1994 Quod
772 1918 896 2000 quidem
903 1917 1071 1998 proprium
1084 1926 1128 1980 est
1140 1920 1311 1982 secundam

175 2029 325 2085 naturam
344 2019 405 2084 Dei
419 2019 472 2101 (l).

121 2118 123 2121 ’
256 2142 310 2188 vr.
332 2119 453 2188 Ι9-2Ι.
477 2121 682 2186 Narrationis
704 2123 869 2186 conclusio
890 2123 1024 2186 consilio
1045 2121 1172 2186 loannis
1192 2140 1313 2204 oppor-

176 2231 265 2287 tuna.
276 2259 317 2268 -
332 2223 426 2287 Verbo
446 2224 478 2285 in
499 2224 562 2286 hoc
582 2225 656 2287 loco
677 2224 840 2302 videntur,
863 2226 947 2288 sicut
971 2226 1160 2287 hebraicum
1175 2230 1309 2308 mhi,

178 2327 240 2391 dici
260 2346 321 2407 pro
341 2327 450 2399 rebam
471 2327 516 2389 sic
531 2328 616 2388 enim
636 2346 687 2404 ea,
704 2345 788 2406 quae
803 2334 997 2407 sequnntur,
1015 2327 1148 2390 credere
1162 2330 1311 2392 suadent.

257 2425 349 2503 Quae
370 2434 574 2506 sequuntur,
597 2434 685 2508 gesta
705 2435 781 2492 sunt
802 2430 930 2491 duobus
951 2429 1020 2492 lere
1041 2435 1115 2510 post
1134 2431 1310 2494 mensibus.

177 2526 306 2591 lnterea
326 2529 503 2608 temporis,
526 2529 571 2591 sic
593 2530 676 2591 enim
697 2530 850 2592 discimus
878 2550 920 2592 ex
947 2531 1192 2609 evangeliorum
1213 2532 1314 2594 colla·

180 2629 287 2705 tione,
317 2626 465 2693 Christus
487 2636 582 2693 extra
603 2629 863 2715 Hierosolymam
884 2633 917 2692 in
938 2629 1059 2693 Iudaea
1080 2638 1230 2696 versatus
1251 2640 1310 2697 est.

180 2727 264 2809 Lege
285 2727 354 2791 Lib.
379 2728 410 2791 ΙΙ
431 2731 470 2793 de
492 2730 676 2811 Evangeliis
698 2731 816 2794 Annot.
840 2729 875 2794 C.
898 2730 950 2795 CI.
1013 2773 1015 2777 «

260 2851 292 2896 v.
315 2828 365 2893 22.
389 2829 474 2911 hege
495 2830 512 2893 1
532 2830 640 2894 Mach.
664 2829 722 2910 lv,
744 2830 796 2912 59;
820 2830 851 2893 ΙΙ
872 2831 979 2895 Mach.
997 2833 1039 2912 X,
1054 2833 1131 2899 5-8.
1149 2831 1319 2900 Sollemae·

181 2933 409 2995 encaeniorum
430 2935 589 3012 agebatur
608 2940 682 2996 octo
703 2935 815 2996 diebus
837 2952 856 2995 a
878 2935 928 2996 die
948 2931 989 2997 25
1009 2937 1125 2999 mensis
1146 2936 1235 3014 noni,
1258 2938 1315 3018 qni

181 3039 231 3097 ost
250 3035 382 3111 casleu,
406 3035 463 3113 qui
483 3036 550 3098 dies
572 3035 630 3098 illo
651 3054 734 3097 anno
755 3032 796 3099 28
815 3054 883 3099 aer.
910 3037 1000 3116 vulg.
1030 3038 1142 3100 incidit
1168 3039 1200 3098 in
1230 3038 1320 3101 diem'

180 3134 264 3214 prid.
287 3135 353 3196 hal.
377 3135 567 3198 decembris.
590 3134 698 3198 Hiemi
719 3143 846 3200 veteres
866 3138 994 3200 initium
1022 3138 1181 3201 iaciebant
1205 3140 1316 3204 medio

182 3240 328 3315 tempore
348 3236 433 3299 inter
452 3238 695 3317 aequinoctium
715 3245 909 3302 autumnum
930 3247 964 3302 et
990 3241 1151 3318 brumam,
1175 3242 1240 3306 hoo
1267 3248 1316 3306 est

181 3335 265 3398 intra
286 3337 352 3399 dies
373 3335 436 3399 Vll
457 3345 490 3402 et
510 3336 555 3401 lv
576 3340 618 3400 id.
641 3341 809 3403 novembr.

261 3457 293 3500 v.
315 3435 366 3502 23.
387 3437 435 3501 De
456 3441 517 3503 hac
538 3441 691 3521 portien,
714 3460 798 3520 quae
820 3442 939 3522 templo
961 3442 1002 3503 ab
1023 3449 1100 3505 ortu
1120 3444 1316 3508 obtendeba-

184 3543 251 3615 tur,
274 3545 323 3602 est
341 3540 374 3600 in
395 3538 444 3603 ΙΙΙ
466 3542 545 3621 Reg.
567 3539 626 3618 Vl,
647 3541 667 3606 3
688 3548 721 3605 et
742 3541 772 3603 ll
794 3540 869 3604 Par.
892 3541 951 3622 Ill,
967 3542 999 3621 lt,
1018 3545 1181 3625 pluraque
1200 3544 1317 3626 legun·

183 3641 344 3720 turapud
366 3639 517 3704 Flavium
538 3641 722 3735 losephnm.

260 3761 292 3804 v.
313 3739 363 3806 25.
388 3741 554 3818 Quorsum
567 3763 619 3807 me
639 3746 845 3825 interrogatis
860 3746 913 3808 cui
927 3748 1074 3825 loquenti
1087 3765 1150 3809 non
1164 3746 1315 3813 creditis?

184 3843 327 3918 tametsi,
351 3862 434 3922 quae
455 3844 597 3924 loquor,
620 3846 711 3909 lactis
734 3847 942 3926 confirmem,
965 3849 1130 3911 miraculis
1152 3848 1324 3913 videlicet.-

185 3940 345 4021 Christus‚
367 3945 451 4008 sicut
471 3946 563 4022 alias,
585 3947 626 4009 ad
647 3947 715 4028 ipsa
736 3966 795 4010 sna
816 3967 915 4029 opera
936 3949 1175 4029 quodammodo
1197 3967 1318 4030 provo

184 4050 246 4107 cat.
269 4041 390 4108 Confer
409 4066 441 4109 v.
462 4043 515 4126 38;
536 4045 578 4126 V,
599 4045 651 4127 363
673 4045 762 4126 llth
782 4046 832 4113 12.
891 4055 892 4058 ’

257 4233 292 4303 (a)
311 4236 340 4288 ru
358 4234 385 4285 n.
402 4237 421 4287 ι.
458 4292 459 4295 Ν
