2986 4912
283 280 324 347 16
554 305 559 312 ·
622 302 653 348 m
674 302 812 350 mannen
835 301 1082 350 consecramus

283 393 415 467 petatur
436 406 532 450 error
551 386 752 452 Docetarum
776 390 962 468 negantium
983 388 1086 452 leuem
1114 390 1270 455 Chn'stum
1294 394 1330 456 in
1353 415 1428 457 car-

281 505 320 546 ne
343 486 462 548 venisse
477 485 531 568 (1).
548 485 656 550 Aliam
679 508 827 552 caussam
850 489 939 568 leges
960 491 1046 570 apud
1075 489 1248 574 Cyrillum.

382 589 425 651 Et
451 589 607 652 habitavit
625 590 662 652 in
681 589 780 653 nobis.
805 589 931 654 Graece
954 589 1139 671 ἐσκηνωσεν.
1162 594 1232 659 Gur
1258 598 1339 662 haec
1359 616 1428 660 me·

282 689 441 770 taphora,
468 689 576 768 potius
608 707 707 767 quam
738 690 909 769 proprium
940 690 1079 751 verbum
1111 689 1223 774 cim,
1252 698 1396 760 adhibita
1409 695 1428 761 ζ)

280 789 531 875 chrysostomus
553 796 586 852 et
609 788 754 872 Gyrillus
775 790 808 850 id
830 791 955 853 docent.

359 888 460 952 Dictis
486 895 583 952 testes
607 890 739 952 adhibet
765 890 870 970 primo
898 887 1065 969 sev.11,
1091 899 1162 956 tum
1186 894 1363 976 Baptistam
1387 917 1421 960 v.

280 988 332 1068 15,
355 991 492 1071 denique
520 992 626 1071 ipsum
648 990 795 1054 Verbum
816 1010 848 1052 v.
872 988 922 1054 18.
949 989 1054 1055 Voces
1074 1003 1102 1054 ct
1125 993 1263 1057 vidimus
1286 995 1424 1076 pioriom

280 1090 347 1153 eius
373 1091 509 1171 pluriam
522 1091 615 1173 quasi
643 1089 803 1171 unipcniti
823 1112 845 1153 a
859 1101 953 1171 patre
970 1100 1046 1155 sunt
1066 1096 1259 1193 παρενθετοι.
1273 1097 1331 1160 His
1349 1117 1427 1161 ver-

281 1193 330 1254 bis
349 1190 483 1256 Ioannes
503 1200 617 1256 testem
637 1212 706 1255 sese
726 1192 901 1273 profitetur
925 1194 1093 1255 oculatum
1115 1194 1237 1273 gloriae
1256 1195 1357 1258 Verbi
1376 1198 1427 1259 in-

283 1295 428 1371 carnati,
458 1301 661 1375 occupatque
689 1295 743 1372 id,
769 1295 858 1373 quod
883 1295 955 1372 quis
983 1294 1122 1358 obiicere
1152 1302 1303 1375 poteratt
1335 1296 1426 1362 Dicis

282 1393 428 1458 Verbum
451 1396 611 1459 habitasse
631 1397 663 1457 in
684 1397 786 1459 nobis.
811 1395 855 1458 ht
875 1396 933 1475 qui
952 1396 1013 1458 scis
1033 1398 1119 1458 hunc
1141 1416 1209 1459 esse
1231 1396 1350 1475 Iesum,
1366 1403 1427 1479 qui

283 1497 381 1558 homo
408 1506 446 1560 ut
469 1499 569 1560 ceteri
602 1497 799 1562 videbatur?
821 1496 951 1578 Spectat
977 1516 1057 1577 ergo
1080 1497 1121 1559 ad
1149 1496 1268 1561 Christi
1296 1503 1427 1564 transii-

284 1600 487 1678 guratiouem
506 1607 540 1663 et
553 1601 744 1662 adscensum
764 1600 796 1661 in
810 1601 950 1678 eaelum3
966 1600 998 1660 id
1014 1599 1101 1678 quod
1127 1601 1339 1664 confirmatur
1352 1624 1430 1666 ver-

282 1699 324 1760 bo
345 1695 554 1792 ἐθεασαμεθα,
569 1701 657 1780 quod
677 1707 727 1762 est
740 1710 890 1780 spectare,
906 1699 1125 1779 contemplere,
1141 1708 1239 1782 atque
1259 1704 1341 1766 adeo
1352 1725 1426 1769 cum

281 1804 440 1884 voluptate
460 1813 494 1870 et
513 1808 736 1872 admiratione.

364 1904 466 1981 Quasi
484 1908 654 1988 unipeniti.
677 1909 841 1974 Graecum
862 1905 905 1990 ὦς
926 1911 979 1973 vel
999 1911 1157 1990 significat
1171 1914 1274 1976 visam
1291 1932 1310 1976 a
1332 1914 1429 1980 Ioan-

282 2025 321 2069 ne
342 2008 481 2086 speciem
502 2010 570 2072 sive
591 2011 762 2090 imaginem
782 2007 905 2086 gloriae
919 2012 1018 2092 ipsius
1032 2009 1144 2087 Verbi,
1160 2030 1225 2073 non
1239 2015 1340 2094 ipsam
1355 2016 1427 2095 glo-

281 2108 376 2184 riam,
399 2128 484 2187 quae
505 2111 610 2173 oculis
630 2111 824 2174 mortalibus
846 2114 987 2193 conspici
1007 2113 1131 2191 nequit,
1154 2114 1209 2175 vel
1229 2115 1318 2178 valet
1339 2117 1426 2179 idem

281 2226 320 2270 ac
339 2219 453 2287 utpote.
471 2209 521 2272 Ita
543 2208 793 2293 Chrysostomus
814 2219 847 2275 et
867 2211 1022 2296 Cyrillus.
1043 2210 1265 2296 Chrysostomi
1279 2218 1424 2298 explica-

282 2307 401 2370 tionem
423 2308 605 2392 Hesychius
626 2312 796 2374 conhrmat
816 2312 933 2375 docens
948 2308 989 2393 ὡς
1003 2314 1088 2376 idem
1107 2315 1217 2376 valere
1233 2333 1270 2377 ao
1285 2312 1424 2397 ἅληθως,

282 2417 382 2498 ὄντως

362 2527 491 2605 Apatrc
505 2551 593 2626 :rapa
609 2553 737 2630 πατρσς.
755 2527 849 2609 Iungi
865 2538 1000 2610 possunt
1014 2532 1133 2593 nomini
1155 2533 1208 2594 vel
1230 2553 1421 2623 povopelcvg

282 2641 334 2701 vel
356 2637 464 2724 δοξαν.
486 2639 519 2704 si
538 2638 693 2720 primum,
716 2659 819 2718 quum
840 2636 977 2701 verbum
991 2636 1176 2730 γεννασθαι,
1187 2639 1381 2719 implicitum
1389 2642 1423 2703 in

282 2753 409 2814 nomine
430 2770 629 2841 μονογενσυς,
651 2765 831 2828 numquam
852 2753 1065 2811 construatur
1085 2766 1160 2808 cum
1185 2745 1423 2826 praepositione

284 2878 385 2956 παρα,
406 2856 550 2939 syntaxis
571 2858 713 2938 elliptica
735 2860 809 2933 orit,
825 2877 1015 2936 sensusque:
1031 2852 1191 2934 unipcniti
1204 2852 1259 2934 qui
1272 2863 1317 2914 est
1331 2873 1351 2913 a
1363 2872 1425 2933 pa-

282 2964 341 3027 tre,
362 2957 447 3018 sicut
467 2957 498 3017 in
521 2956 568 3018 Io.
592 2956 649 3033 VI,
675 2955 735 3036 463
766 2956 841 3033 VII,
863 2955 923 3037 293
947 2954 1005 3032 IX,
1027 2953 1078 3018 16.
1121 2953 1161 3018 33
1169 2974 1180 3032 3
1202 2951 1308 3028 XVII,
1330 2952 1350 3015 7
1357 2973 1369 3034 3
1392 2950 1423 3014 II

282 3054 328 3118 Io.
351 3056 381 3120 3.
406 3055 438 3120 Si
460 3060 613 3135 alterum,
635 3079 746 3122 sensus
768 3061 840 3122 erit:
863 3057 999 3138 pieriam
1024 3054 1116 3136 quasi
1135 3053 1307 3135 uniqcniti,
1329 3073 1424 3135 quam

280 3157 401 3238 occepit
419 3181 439 3221 a
455 3170 559 3238 patre,
582 3166 620 3221 ut
640 3161 672 3220 in
694 3158 741 3223 Io.
764 3159 805 3236 V,
828 3156 877 3225 11.
900 3156 951 3233 id,
984 3159 1127 3236 itemque
1162 3158 1194 3218 in
1225 3155 1256 3218 ΙΙ
1278 3154 1366 3218 Petr.
1392 3154 1419 3234 I,

280 3258 332 3337 17,
355 3263 408 3324 vol
429 3263 546 3325 omisso
567 3264 680 3337 verbe,
703 3264 787 3324 sicut
807 3263 838 3322 in
860 3263 922 3322 hoc
942 3261 1028 3335 loco,
1046 3260 1077 3319 in
1099 3256 1146 3320 Io.
1169 3256 1210 3333 V,
1233 3253 1284 3323 ei.
1303 3255 1425 3320 Confer

282 3359 354 3423 net.
377 3360 496 3437 XXVI,
518 3359 568 3425 12.
591 3360 643 3443 ‘223
666 3362 761 3424 Rom.
784 3360 843 3437 XI,
865 3359 924 3440 27;
947 3358 979 3420 ΙΙ
1000 3358 1111 3421 Thess.
1135 3357 1196 3435 III,
1219 3356 1238 3423 8
1246 3379 1257 3438 3
1280 3356 1312 3419 ΙΙ
1338 3357 1421 3421 Tim.

281 3460 307 3538 Ι,
329 3461 379 3527 18.
404 3462 556 3525 Alterum
576 3471 731 3544 praestat,
759 3469 873 3544 utpote
900 3462 1079 3542 pleniorem
1100 3480 1230 3523 sensum
1255 3460 1421 3522 exhibens.

280 3563 365 3626 Nam
384 3565 417 3625 in
437 3584 517 3629 voce
538 3563 697 3643 uniqeniti
715 3565 804 3627 notio
821 3560 926 3644 petris
946 3563 1101 3644 implicita
1122 3563 1186 3623 iam
1201 3568 1261 3638 est,
1279 3568 1312 3623 et
1325 3580 1423 3624 voces

280 3686 301 3725 a
315 3674 420 3745 patre,
436 3667 534 3728 etiam
554 3667 580 3728 si
601 3667 778 3746 iungantur
797 3665 917 3727 nomini
935 3663 1084 3743 pieriam,
1101 3683 1165 3726 non
1179 3663 1282 3725 alium
1296 3669 1423 3743 patrem

281 3767 459 3846 significant
479 3787 577 3847 quam
598 3767 696 3848 ipsius
717 3766 883 3846 unigeniti.
907 3764 969 3828 Sed
995 3765 1060 3826 imo
1085 3766 1146 3826 hae
1171 3782 1267 3827 voces
1292 3765 1423 3826 iunctae

280 3868 400 3929 nomini
420 3867 569 3947 pieriam,
591 3868 681 3930 salva
701 3869 759 3928 illa
780 3867 949 3943 sententia,
972 3866 1070 3927 aliam
1085 3871 1257 3946 praeterea
1271 3863 1421 3940 efficient,

280 3969 434 4030 nimirum
454 3967 590 4048 pieriam
611 3970 692 4032 hanc
713 3970 804 4031 illam
826 3989 894 4033 esse
916 3986 1014 4048 quam
1035 3965 1180 4029 Verbum
1201 3985 1219 4026 a
1241 3971 1334 4046 patre
1348 3967 1420 4044 sibi,

351 4163 416 4232 (nr
438 4167 474 4217 ιο.
497 4167 544 4236 iv,
569 4166 594 4215 a.
620 4166 645 4217 a.
