2986 4912
316 267 356 338 18
654 289 684 339 m
706 287 844 338 ioannes
867 288 1116 343 connnnmmvn

393 398 446 446 vv.
469 378 489 445 l
510 394 599 460 seqq.
622 374 659 440 ln
681 382 748 440 tota
769 378 830 441 bac
843 381 1042 459 narratione,
1058 383 1262 464 potissimum
1275 381 1308 444 in
1331 400 1458 448 sermo·

311 502 353 547 ne
373 480 493 548 Christi
514 487 547 544 et
567 479 725 557 mulieris,
748 480 839 544 vides
860 486 898 544 ut
918 501 988 545 sese
1008 482 1117 562 vivida
1130 484 1187 546 illa
1203 501 1242 547 ac
1256 484 1365 550 nativa
1378 487 1457 570 sim-

312 584 438 666 plicitas
458 581 588 664 prodat,
611 599 715 661 aeque
730 581 814 643 acin
829 583 945 646 ceteris
961 585 1147 648 huiusmodi
1161 585 1362 665 longioribus
1376 605 1454 649 nar-

313 683 491 747 rationibus
512 683 545 744 in
565 683 628 745 hoc
649 682 816 760 evangelio
839 682 1020 764 descriptis,
1043 704 1154 765 quam,
1174 687 1231 765 qui
1252 687 1332 750 hacc
1353 705 1455 768 repu-

313 792 384 850 tare
397 792 529 863 norunt,
545 784 646 866 probe
661 785 802 848 sentiunt
822 786 1021 850 individuam
1044 788 1190 852 veritatis
1205 790 1355 852 comitem
1369 807 1452 852 esse.

251 930 253 934 »
358 907 421 952 sv.
443 885 473 954 9.
496 887 664 950 Postrema
685 888 785 949 verba
807 894 883 951 sunt
909 890 1125 968 evangelistae
1152 891 1380 972 pcrtinentque
1409 891 1452 955 ad

312 989 458 1054 mulieris
479 989 602 1052 dictum
623 986 867 1050 declarandum.

389 1109 443 1154 vv.
463 1084 513 1152 11.
535 1085 585 1151 15.
610 1085 756 1167 Quisque
776 1089 893 1151 sentiat
911 1107 1041 1154 neccsse
1061 1096 1111 1154 cst
1130 1092 1210 1154 hacc
1231 1090 1377 1155 mulieris
1400 1109 1453 1154 re-

309 1209 424 1273 sponsa
444 1208 543 1271 quam
563 1208 605 1251 ex
625 1194 743 1250 natura
763 1190 835 1251 sint.

390 1311 422 1356 v.
445 1287 496 1356 16.
519 1288 609 1352 llaec
628 1286 776 1352 Christus
797 1289 879 1352 dixit
892 1295 931 1353 ut
943 1291 1145 1354 occasionem
1173 1311 1215 1356 cx
1229 1291 1375 1355 mulieris
1399 1310 1451 1355 re·

307 1394 478 1477 sponsione
499 1397 630 1473 caperet
649 1410 718 1455 sose
739 1391 815 1456 huio
835 1394 1004 1474 prodendi.

387 1513 440 1558 vv.
462 1489 513 1558 19.
534 1488 584 1557 20.
608 1488 743 1568 Mulier,
759 1510 777 1553 c
792 1489 912 1556 Christi
925 1495 1033 1557 vorbis
1047 1494 1153 1576 ipsum
1167 1494 1360 1576 prophetam
1375 1513 1446 1558 esse

308 1594 500 1675 intelligens,
522 1593 585 1654 iam
606 1587 762 1681 θεολσγειν
784 1598 881 1654 amat.

386 1713 418 1758 v.
439 1691 491 1759 21.
512 1691 581 1756 lam
602 1711 666 1757 non
687 1694 777 1756 ultra
798 1698 888 1756 corta
909 1695 989 1757 urbs
1007 1694 1070 1756 erit
1084 1695 1116 1755 in
1130 1711 1196 1773 qua
1210 1693 1360 1775 publicus
1374 1695 1447 1758 cul-

306 1802 358 1860 tus
378 1794 448 1859 Deo
470 1795 675 1858 exhibeatur.
699 1793 794 1857 Hunc
815 1812 945 1857 sensum
973 1794 1139 1876 proposita
1167 1794 1315 1873 quaestio
1342 1814 1374 1858 v.
1405 1791 1447 1861 211

306 1897 417 1978 exigit.
483 1959 486 1967 ,

383 2016 416 2062 v.
435 1995 488 2062 22.
511 1996 622 2074 Quum
642 1995 734 2061 lesus
748 2016 779 2062 v.
798 1995 837 2060 21
852 1997 928 2060 satis
943 1996 1124 2075 quaestioni
1139 1994 1276 2073 lecisset,
1292 1997 1357 2058 iam
1370 2015 1444 2062 mu·

303 2096 419 2161 liorem
439 2097 471 2160 id
492 2098 587 2162 docet
605 2098 694 2179 quod
715 2096 816 2177 magis
837 2097 877 2160 de
898 2097 992 2162 cultu
1013 2096 1121 2161 divino
1142 2114 1235 2160 nosse
1253 2115 1335 2178 opus
1355 2106 1440 2162 erat.

303 2197 353 2263 nc
373 2199 479 2280 primo
499 2199 633 2279 quinam
652 2198 710 2263 ille
729 2199 771 2262 sit
791 2217 889 2279 quem
909 2199 1059 2276 colimus,
1081 2217 1181 2279 quem
1195 2195 1388 2279 Samaritae,
1403 2201 1442 2264 il·

301 2299 334 2363 la
347 2301 539 2381 praesertim
552 2306 670 2377 aetate,
685 2301 791 2365 ieiune
806 2307 905 2382 atque
923 2301 1084 2364 incondite
1097 2306 1266 2365 noverant.
1275 2300 1442 2382 -Liqnet

301 2398 500 2465 ludaeorum
520 2402 680 2483 populum
700 2401 803 2466 aDco
824 2404 978 2480 electum,
994 2401 1026 2464 in
1041 2421 1107 2482 quo
1127 2401 1228 2483 ipsius
1245 2400 1307 2464 Dei
1327 2403 1440 2468 cultus

301 2505 473 2585 obtineret,
488 2511 661 2587 propterea
676 2505 786 2584 luisse,
796 2506 873 2585 quia
887 2524 926 2566 ec
940 2501 1277 2583 [processusque
1291 2505 1438 2585 inquam,

299 2605 433 2671 Messias
447 2625 490 2670 ex
502 2606 552 2670 his
572 2607 721 2670 oriturus
741 2612 828 2686 erat3
852 2625 948 2687 quem
973 2607 1093 2669 borum
1110 2607 1289 2670 verborum
1309 2626 1441 2672 sonsum

299 2727 369 2773 esse
389 2727 428 2772 co
450 2709 662 2772 confirmatur
683 2708 771 2789 quod
792 2709 912 2772 mulier
932 2726 1011 2771 mox
1030 2708 1168 2771 subiecit
1189 2728 1220 2772 v.
1244 2705 1295 2772 25.

370 2830 402 2875 v.
411 2808 461 2875 23.
473 2809 596 2873 Deinde
607 2810 647 2874 de
661 2810 757 2874 modo
772 2809 920 2874 Christus
934 2808 1254 2890 loquiturquoDous
1269 2810 1436 2875 colendus.

303 2909 368 2987 Qui
388 2915 505 2991 putant
524 2911 573 2974 his
594 2909 714 2974 Christi
734 2912 841 2975 verbis
855 2910 1028 2991 significari
1045 2917 1218 2974 externum
1232 2908 1292 2973 Dei
1311 2912 1440 2975 cultum

297 3012 517 3075 necessarium
536 3012 623 3077 haud
646 3031 727 3091 essc,
748 3013 858 3092 legant
878 3012 911 3073 in
932 3011 979 3074 Io.
1002 3010 1046 3089 II,
1067 3008 1173 3078 tlt-ll
1188 3031 1272 3092 quae
1287 3010 1438 3077 Christus

297 3113 424 3192 aliquot
443 3120 517 3176 ante
538 3115 700 3177 mensibus
722 3116 826 3194 egerit
845 3115 1031 3194 dixeritque
1051 3116 1083 3176 in
1104 3115 1224 3194 templo
1246 3114 1438 3199 Hierosoly-

297 3214 461 3276 mitarum.
484 3212 521 3275 ln
541 3215 604 3276 hoc
625 3232 703 3293 ergo
723 3214 797 3277 loco
820 3213 968 3278 Christus
988 3233 1043 3277 eos
1065 3214 1273 3295 reprehendit
1294 3215 1372 3296 qui,
1397 3218 1440 3279 ri·

296 3320 348 3378 tus
370 3334 408 3378 ac
429 3306 640 3378 caerimonias
662 3315 851 3379 observasse
872 3318 1024 3394 contenti,
1041 3317 1135 3380 unice
1155 3316 1263 3380 securi
1285 3323 1380 3379 orant
1399 3317 1439 3381 dc

295 3416 392 3477 animi
411 3416 556 3480 sensibus
578 3417 695 3497 quibus
717 3435 880 3497 quemque
901 3418 953 3498 agi
972 3436 1010 3480 ac
1032 3418 1107 3482 duci
1126 3420 1158 3480 in
1178 3418 1243 3480 illis
1262 3418 1439 3483 observan-

294 3515 342 3579 dis
363 3521 502 3596 oportet.

372 3637 404 3682 v.
419 3615 470 3684 21.
484 3615 655 3682 Dictorum
670 3619 753 3682 ratio
774 3620 991 3700 subiungitur.
1008 3617 1148 3698 Spiritus
1162 3629 1207 3682 est
1221 3619 1305 3682 Deus
1320 3639 1437 3701 graece

293 3711 459 3810 Πνευμαὸ
480 3715 559 3798 θεος,
574 3719 752 3800 propositio
766 3721 906 3794 inversa,
922 3720 1007 3783 sicut
1025 3726 1172 3800 apparet,
1188 3738 1253 3783 non
1273 3722 1372 3785 modo
1392 3741 1435 3786 ex

295 3824 449 3901 articulo,
470 3824 527 3886 sed
547 3842 589 3887 ex
610 3824 899 3904 argumentationis
919 3830 1076 3888 contextu
1097 3830 1196 3904 atquo
1214 3823 1296 3886 adeo
1311 3841 1355 3887 ex
1370 3840 1436 3887 ma-

295 3928 388 3989 toric.

372 4047 403 4091 r.
421 4023 471 4091 25.
489 4025 574 4106 Lege
597 4045 680 4106 quae
703 4029 841 4093 diximus
864 4030 903 4092 do
924 4049 955 4092 v.
976 4025 1035 4110 223
1053 4028 1148 4092 facile
1163 4029 1226 4091 erit
1240 4027 1436 4092 concludere

291 4147 418 4192 morena
440 4127 615 4192 obtinuisse
636 4134 674 4192 ut
695 4129 807 4193 solutis
828 4131 1045 4211 appellatione
1064 4128 1207 4213 Messias
1229 4130 1415 4211 signaretur
1422 4149 1432 4208 3
