2986 4912
473 312 575 360 ctevr
598 311 739 360 nnciuvu
1123 294 1183 364 127

43 399 254 476 versabatur,
260 414 358 476 quem
371 403 574 478 praesentem
582 398 615 459 hi
629 399 734 461 oculis
748 398 814 460 suis
829 398 1076 478 conspiciebant,
1085 417 1181 478 quem

44 502 236 581 loquentem
256 499 453 576 audiebant,
481 505 581 579 atque
602 500 683 562 adeo
705 500 761 578 qui
782 499 828 560 nil
848 500 938 562 aliud
958 500 1019 562 nisi
1038 518 1123 565 unus
1143 490 1183 564 de¹

48 603 218 666 hominum
238 618 376 665 numero
397 619 467 663 esse
487 600 672 678 videbatur,
689 601 786 662 etiam
806 598 895 662 Deus
917 608 1012 678 esset,
1028 620 1095 664 uno
1113 620 1187 665 ver-

47 703 104 781 bo,
126 721 168 764 an
188 707 272 765 esset
293 699 497 800 θεανθρωπος.
522 697 609 761 Audi
630 697 768 763 Iudaeos
789 700 821 761 in
843 701 949 781 ipsum
978 702 1187 779 invehentes,

47 806 140 888 quia,
161 807 334 887 inquiunt,
357 815 498 883 tanobo
521 823 591 865 cam
611 802 668 877 sia,
689 803 771 885 facis
792 813 820 867 ta
841 802 944 883 ipsam
963 803 1059 867 Dnvtt
1082 825 1113 868 v.
1136 804 1186 870 33.7

50 905 164 970 Talem
183 927 217 970 se
239 926 325 984 esse,
348 926 413 969 non
432 905 538 968 Deum
560 906 797 982 tantummodo,
821 903 969 967 Christus
990 906 1079 967 credi
1100 907 1190 969 vole·

50 1010 130 1086 bat,
163 1008 262 1081 talem
283 1027 359 1072 eum
380 1009 577 1088 evangelista
598 1014 711 1071 contra
731 1005 870 1070 Docetas
890 1012 924 1069 θῖ
953 1005 1192 1072 Phantasiastas

51 1110 205 1174 studebat
226 1110 459 1172 demonstrare.
484 1106 694 1189 Quapropter
715 1107 876 1183 Christus,
898 1106 1063 1188 praecise,
1085 1113 1124 1171 ut
1143 1127 1195 1172 εο-

51 1212 161 1287 lebat,
184 1229 255 1274 rem
275 1210 506 1287 confecturus,
530 1229 569 1274 ea
589 1210 781 1291 perstrinxit
801 1210 919 1290 quibus
940 1228 974 1272 se
995 1206 1192 1307 θεανθρωπον

52 1331 124 1377 csse
145 1313 340 1376 ostenderet.

137 1413 243 1477 Porro
257 1420 368 1478 autem
382 1415 597 1493 attendamus,
610 1433 740 1476 necesse
754 1420 814 1491 est,
828 1421 865 1477 ut
880 1434 1007 1493 eorum,
1021 1435 1105 1496 quae
1119 1407 1195 1482 sunt

54 1518 89 1579 in
109 1537 142 1580 v.
163 1514 225 1593 36,
248 1517 474 1598 interpretatio
495 1509 631 1597 petenda
652 1516 694 1578 sit
715 1535 756 1578 ex
777 1517 897 1578 borum
918 1522 951 1580 ot
970 1536 1127 1582 versuum
1153 1517 1194 1586 30

57 1624 92 1681 et
110 1615 151 1682 33
171 1619 355 1681 collatione.
379 1615 527 1682 Christus
548 1618 581 1678 in
600 1636 632 1680 v.
648 1611 689 1682 30
709 1617 838 1679 dixerat
850 1637 884 1680 se
899 1624 932 1680 et
945 1624 1072 1698 patrem
1090 1639 1193 1684 unum

57 1738 140 1795 esse,
161 1720 244 1782 bano
265 1718 385 1783 Christi
405 1719 657 1800 propositionem
678 1715 790 1780 ludaei
810 1721 843 1779 in
863 1738 896 1783 v.
911 1717 951 1783 33
972 1719 1193 1799 blasphemiam
1291 1764 1292 1769 η
1362 1704 1365 1706 ’

57 1825 268 1895 vocaverant,
291 1817 438 1883 Christus
459 1837 539 1883 voro
559 1819 593 1879 in
614 1837 646 1882 v.
662 1815 845 1897 abnegavit
865 1819 1087 1899 blasphemiam
1107 1840 1193 1898 esse,

58 1919 149 1999 quod
170 1919 309 1996 dixerat,
325 1939 359 1982 se
373 1917 433 1982 Dei
454 1919 558 1982 filium
579 1936 661 1996 esse;
684 1919 834 1995 sequitur
853 1924 892 1980 ut
912 1918 1031 1981 harum
1052 1919 1194 1984 duarum

59 2017 318 2082 enuntiationum
338 2018 406 2098 Epo
427 2029 455 2080 et
470 2028 564 2098 pater
583 2036 682 2080 anam
702 2037 808 2080 samaa
839 2025 872 2081 et
901 2018 1008 2081 Filias
1037 2018 1099 2082 Dei
1127 2039 1197 2084 eam

59 2139 147 2183 unus
167 2126 201 2184 et
220 2121 305 2183 idem
325 2121 368 2185 sit
387 2139 511 2198 seusus,
535 2139 650 2200 quum,
660 2139 725 2182 non
745 2121 840 2196 hanc,
850 2121 906 2183 sed
926 2121 1016 2182 illam
1037 2122 1070 2183 in
1095 2123 1126 2186 i.
1156 2117 1198 2188 36

59 2222 129 2303 ipse
148 2222 337 2302 protulerit,
352 2240 418 2285 non
436 2241 516 2303 ergo
537 2223 578 2283 ad
599 2222 783 2298 verbasco
804 2222 844 2283 ad
865 2241 995 2284 sensum
1013 2222 1096 2285 illud
1111 2220 1195 2296 dici,

61 2324 153 2403 quod
173 2325 275 2387 estin
295 2343 326 2389 v.
349 2322 410 2400 36,
442 2330 590 2405 spectare
612 2330 739 2387 certum
760 2324 811 2386 sit.
840 2321 936 2399 Quod
966 2324 993 2386 si
1024 2324 1196 2405 utriusque

61 2424 293 2488 enuntiationis
313 2442 399 2488 unus
420 2432 453 2489 et
472 2426 558 2488 idem
579 2432 628 2489 est
648 2443 771 2502 sensus,
791 2425 973 2488 necessario
993 2426 1200 2489 concluditur

63 2527 224 2590 rationem
245 2546 469 2608 caussamque,
494 2546 554 2591 cur
575 2525 723 2592 Christus
743 2526 803 2589 Dei
825 2528 910 2591 tilius
931 2534 995 2605 θεῖ,
1017 2547 1081 2592 non
1102 2529 1199 2591 aliam

62 2645 133 2690 osse
154 2645 253 2706 quam
273 2627 363 2706 quod
383 2629 478 2690 unica
499 2629 541 2690 sit
560 2628 630 2691 eius
652 2634 684 2690 θῖ
703 2630 806 2709 patris
826 2634 955 2691 natura.

146 2726 191 2791 Αῖ
212 2727 297 2791 enim
318 2728 381 2791 hoc
401 2729 507 2808 ipsum
528 2729 685 2807 estquod
705 2729 763 2790 illo
784 2734 978 2806 argumento
999 2728 1201 2791 efficiendum

65 2832 160 2902 erat,
183 2846 242 2890 nec
262 2833 370 2889 tamen
389 2828 540 2890 effectum
564 2827 716 2903 videtur,
747 2828 1009 2907 quandoquidem
1030 2826 1200 2902 Christus,

66 2947 130 2991 our
149 2927 209 2992 Dei
230 2929 333 2992 tilium
354 2948 388 2992 sc
418 2935 534 3004 vocet,
559 2929 640 2990 hanc
661 2947 759 2990 unam
781 2930 939 2991 rationem
968 2929 1083 3006 aiiort,
1114 2929 1203 3009 quod

64 3029 173 3110 ipsum
193 3015 286 3109 pater
305 3019 555 3094 sanctificaverit
574 3037 608 3091 et
627 3030 751 3091 miserit
769 3031 802 3090 in
822 3029 990 3092 mundum.

149 3125 252 3207 Atqui
273 3130 355 3192 hanc
376 3130 477 3210 ipsam
503 3129 682 3206 rationem,
715 3129 742 3192 si
771 3131 899 3210 penitus
929 3131 962 3190 in
993 3147 1103 3191 omnes
1134 3129 1204 3192 eius

68 3233 178 3311 partes
198 3230 469 3310 introspiciamus,
492 3248 567 3292 sanc
588 3236 697 3309 aptam
717 3249 786 3292 esse
807 3230 987 3292 videbimus
1008 3231 1067 3307 rei,
1085 3231 1124 3292 de
1140 3248 1205 3311 qua

69 3332 241 3413 agebatur,
264 3332 491 3409 conficiendae,
515 3330 624 3395 lesum
645 3351 713 3394 esse
734 3325 940 3433 θεανθρωποε.

152 3435 248 3514 Nam,
271 3438 359 3517 quod
381 3437 421 3498 ad
442 3437 583 3500 divinam
604 3439 674 3501 eius
696 3443 847 3500 naturam
861 3438 1065 3500 asserendam
1079 3436 1205 3511 attinet,

72 3556 191 3602 nomen
206 3546 300 3616 pater
320 3556 354 3600 se
375 3537 516 3617 primum
538 3537 635 3599 offert
644 3557 656 3616 3
680 3539 734 3600 cni
754 3537 876 3599 nomini
896 3537 1061 3617 emphasin
1081 3536 1205 3611 inesse,

73 3646 107 3703 et
128 3658 287 3720 quaenam
309 3642 388 3702 baec
409 3642 471 3717 sit,
495 3638 590 3702 iacile
612 3640 788 3716 sentimus,
818 3639 991 3718 verbisque
1012 3655 1100 3717 qoem
1115 3642 1210 3715 pater

73 3737 287 3820 sanctificavit
306 3743 394 3805 hunc
414 3759 543 3804 sensum
564 3740 723 3801 exhiberi:
742 3737 840 3814 Quem
860 3739 886 3801 is
907 3734 1208 3816 sanctificavitqui,

73 3842 268 3904 non-solum
287 3841 389 3918 Deus,
411 3843 466 3904 sed
482 3849 575 3921 pater
595 3841 695 3920 ipsius
717 3847 775 3904 est.
799 3837 836 3901 ln
856 3841 960 3920 prima
981 3843 1073 3919 parte
1095 3854 1211 3898 conne-

77 3940 125 4019 xi,
149 3943 236 4021 quod
258 3949 307 4006 θεῖ
327 3944 359 4004 in
379 3964 432 4008 vv.
453 3940 504 4007 35.
526 3941 578 4019 36,
603 3941 764 4018 Christus,
786 3960 922 4004 narrans
943 3939 1072 4003 curatii
1085 3936 1213 4000 inscri-

77 4043 184 4124 pturis
204 4047 303 4108 sacris
335 4046 380 4108 dii
410 4046 473 4108 sint
502 4044 680 4125 appellati,
712 4041 818 4106 Deum
848 4062 913 4106 non
943 4041 1040 4103 aliter
1069 4035 1214 4101 nominat

78 4164 179 4225 quam
199 4145 312 4226 Deam;
334 4147 366 4208 in
386 4147 492 4210 altera
513 4164 594 4210 vero
615 4149 721 4226 parte,
738 4144 855 4208 docens
878 4163 939 4206 cur
959 4143 1026 4223 ipse
1049 4142 1134 4203 tilius
1151 4137 1212 4201 Dei
