2986 4912
480 308 582 357 utrm
606 309 758 358 oeravvu
863 300 869 317 ¹
1176 292 1217 363 97

174 392 220 473 11
253 395 494 490 Quae‘dixit:
525 398 655 486 Nemo,
690 399 854 476 Domine.
890 397 991 474 Dixit
1015 415 1137 476 autem
1158 401 1210 476 le·

61 551 145 604 sus:
179 526 253 602 Nee
291 553 358 625 ego
390 541 428 602 te
456 528 719 603 condemnabo:
738 527 851 612 Vade,
888 530 1022 602 etiam
1048 529 1204 628 amplius

62 658 137 733 noli
170 681 336 757 peecare.

175 779 225 860 12
252 785 391 861 lterum
426 809 513 883 ergo
542 786 687 861 locutus
720 797 778 860 est
816 785 869 858 eis
901 776 1023 872 iesus,
1054 787 1204 862 dicens:

64 911 143 1012 Ego
176 936 257 987 sum
285 914 349 988 lux
377 914 517 987 mundi:
547 915 608 1011 qui
642 913 807 1011 sequitur
839 936 912 998 me,
943 937 1016 986 non
1044 914 1210 990 ambulat

60 1042 99 1114 in
133 1040 322 1125 tenebris,
356 1040 421 1114 sed
454 1040 606 1113 habebit
642 1040 766 1112 lumen
800 1039 911 1112 vitaess

170 1160 219 1242 13
249 1167 427 1242 Dixerunt
455 1175 542 1264 ergo
576 1167 609 1240 ei
631 1166 829 1240 Pharisaei:
850 1165 975 1242 Tude
992 1182 1028 1243 te
1049 1169 1129 1267 ipso
1149 1181 1206 1245 te-

62 1293 277 1368 stimonium
306 1295 490 1392 perhihes:
531 1294 786 1400 testimonium
817 1307 919 1368 tuum
955 1309 1110 1371 nonest
1141 1321 1205 1372 ve-

59 1445 158 1498 rum.

170 1543 221 1624 tt
249 1549 451 1648 Respondit
480 1551 596 1636 iesus,
626 1562 665 1624 et
698 1550 791 1624 dixit
821 1551 900 1625 eis:
936 1550 1030 1626 Etsi
1064 1564 1204 1650 egote-

60 1678 274 1753 stimonium
309 1679 484 1776 perhibeo
504 1678 549 1751 de
575 1679 728 1775 meipso,
761 1702 890 1751 rerum
930 1693 989 1753 est
1031 1680 1203 1755 testimo·

62 1808 165 1881 nium
199 1818 339 1881 meum:
370 1809 454 1904 quia
490 1807 566 1880 scio
603 1806 698 1881 unde
737 1807 838 1891 veni,
868 1821 907 1879 et
921 1829 993 1903 quo
1012 1807 1119 1882 vado:
1135 1831 1201 1884 vos

65 1947 190 2009 autem
220 1935 372 2009 nescitis
401 1934 494 2008 uude
524 1933 737 2018 redimant
771 1956 842 2030 quo
876 1933 981 2006 vado.

172 2057 222 2139 15
251 2063 323 2138 Vos
351 2065 551 2138 secundum
579 2085 723 2137 carnem
753 2061 932 2136 iudicatis:
950 2085 1030 2158 ⁴ego
1057 2084 1130 2136 non
1150 2060 1201 2136 iu·

59 2191 143 2268 dieo
170 2215 404 2290 quemquam:

168 2312 218 2394 16
246 2331 285 2395 et
321 2318 353 2392 si
385 2318 503 2393 iudico
531 2341 612 2415 ego,
642 2317 814 2391 iudicium
843 2340 967 2392 meum
982 2340 1111 2392 verum
1126 2329 1197 2406 est,

56 2447 144 2545 quio
172 2446 272 2522 solus
305 2469 377 2521 non
411 2469 506 2520 sum:
542 2446 606 2519 sed
625 2468 707 2543 ego,
728 2459 765 2520 et
783 2445 845 2542 qui
863 2445 965 2518 misit
980 2439 1057 2531 me,
1072 2443 1212 2539 Pater..

166 2565 216 2647 17
243 2571 293 2646 Et
321 2573 358 2646 in
391 2572 471 2670 lege
506 2586 628 2647 vestra
645 2573 823 2669 seriptum
842 2587 914 2658 est,
932 2573 1018 2671 quia
1037 2572 1195 2648 duorum

56 2699 249 2776 hominum
284 2698 537 2776 testimonium
570 2722 698 2774 verum
731 2712 801 2772 est.

152 2821 220 2902 .18
246 2827 325 2925 Ego
354 2850 450 2910 sum,
478 2825 540 2924 qui
568 2825 820 2901 testimonium
848 2823 1023 2923 perhibeo
1042 2826 1086 2900 de
1105 2825 1198 2901 mei-

56 2979 138 3054 pso:
167 2968 207 3033 et
233 2955 485 3033 testimonium
513 2954 682 3053 perhibet
709 2954 754 3029 de
796 2976 873 3040 me,
901 2954 963 3050 qui
991 2954 1093 3029 misit
1120 2977 1194 3041 me,

57 3081 184 3160 Pater.

166 3205 216 3286 19
245 3209 424 3286 Dicebant
443 3235 530 3310 ergo
545 3211 591 3287 ei:
614 3209 681 3286 Vbi
701 3224 758 3286 est
773 3208 884 3285 Pater
902 3209 1015 3286 tuus?
1030 3209 1197 3310 Respon-

57 3337 114 3414 dit
138 3337 253 3414 lesus:
282 3337 406 3437 Neque
435 3362 493 3413 me
523 3338 639 3424 scitis,
665 3361 784 3436 neque
814 3337 960 3412 Patrem
988 3361 1135 3413 meum:
1164 3339 1196 3413 si

57 3488 118 3542 me
146 3466 304 3554 sciretis,
332 3467 486 3542 forsitan
514 3480 554 3543 et
580 3466 727 3542 Patrem
755 3490 879 3541 meum
904 3466 1060 3541 sciretis.

160 3589 214 3670 20
242 3594 341 3669 Haeo
368 3595 480 3671 verba
508 3593 653 3669 loeutus
681 3605 739 3668 est
767 3593 869 3668 lesus
901 3593 938 3666 in
980 3593 1195 3693 gazophyla-

54 3721 125 3808 oio,
152 3720 286 3798 docens
314 3723 351 3822 io
379 3722 530 3820 templo:
552 3733 590 3796 et
608 3745 717 3796 nemo
732 3721 973 3820 apprehendit
987 3745 1086 3810 eum,
1106 3721 1192 3821 quia

53 3849 209 3925 ueodum
238 3862 390 3926 venerat
417 3851 507 3925 hora
534 3850 627 3925 eius.

160 3972 210 4052 21
241 3976 344 4053 Dixit
371 4003 458 4078 ergo
486 3979 621 4055 iterum
662 3977 715 4054 eis
752 3977 871 4054 lesus:
901 3976 978 4077 Ego
1006 3981 1125 4064 vado,
1154 3993 1192 4053 et

1040 4226 1060 4293 7
