2986 4912
598 332 698 378 carran
725 333 866 381 oacrum
1259 316 1318 383 lul

288 415 339 495 lt)
367 419 415 492 Et
442 419 532 493 abiit
558 421 689 496 iterum
718 437 821 497 trans
851 422 1039 496 lordanem
1083 425 1118 496 in
1147 446 1229 499 eum
1258 425 1312 498 lo-

178 572 276 635 cum,
304 547 366 623 ubi
393 560 472 620 erat
499 546 652 622 loannes
679 549 869 646 baptizans
898 549 1073 646 primum:
1105 564 1143 624 ot
1175 554 1310 627 mansit

177 675 263 749 illic:

286 797 331 877 di
364 802 412 878 Et
439 804 546 877 multi
573 817 751 878 venerunt
779 803 822 876 ad
843 805 1198 888 eum,etdicebant:
1219 806 1310 896 Quia

179 932 333 1007 loannes
360 933 505 1030 quidem
533 933 675 1029 signum
704 931 790 1006 lecit
817 931 968 1006 nullum.

285 1053 336 1133 la
364 1058 493 1134 Omnia
521 1072 644 1134 autem
672 1081 919 1156 quaecumque
947 1059 1040 1134 dixit
1076 1060 1229 1135 loannes
1261 1063 1306 1138 dc

176 1190 261 1277 hoo,
290 1213 376 1263 vera
404 1204 520 1263 erant.
549 1189 597 1262 Et
624 1187 731 1263 multi
760 1188 990 1262 crediderunt
1017 1189 1053 1262 in
1077 1214 1173 1265 oum.
1230 1178 1231 1183 ¹

680 1503 803 1517 *—

616 1729 867 1782 continuandum

178 1944 309 2096 Quum
329 2005 428 2068 huius
448 2002 605 2084 evangelii
625 2004 756 2084 partitio
777 2003 809 2065 in
830 2009 956 2066 certum
976 2022 1151 2067 nnmerum
1165 2007 1307 2087 capitum

176 2125 242 2169 non
260 2105 411 2170 loannem
431 2106 550 2168 habeat
570 2110 751 2182 auctorem,
767 2101 869 2185 quod,
884 2123 969 2184 quae
983 2111 1179 2185 sequnntur,
1195 2106 1227 2169 in
1241 2108 1306 2171 alio

177 2224 216 2270 ac
233 2207 403 2288 superiore
424 2206 528 2289 capite
548 2207 625 2288 poni
644 2206 781 2283 soleant,
796 2224 860 2268 non
874 2207 934 2270 hac
955 2225 992 2269 re
1013 2207 1167 2286 cuiquam
1187 2208 1236 2271 ius
1258 2215 1307 2273 est

178 2308 372 2370 concludere
392 2307 490 2369 ctiam
509 2306 574 2370 alio
595 2311 741 2387 tempore
755 2305 841 2369 dicta
855 2324 935 2368 esse.
952 2304 1081 2369 Horum
1096 2307 1227 2386 quidem
1241 2327 1308 2371 ma-

176 2409 276 2471 teries
293 2410 357 2472 alia
377 2414 426 2473 est
446 2428 484 2473 ac
505 2409 544 2472 de
566 2428 631 2489 qua
650 2409 800 2490 proxime
821 2427 928 2471 sermo
950 2407 1012 2471 init
1022 2430 1033 2489 3
1067 2428 1169 2489 quum
1199 2415 1307 2474 tamen

176 2509 331 2587 loannes,
352 2532 446 2576 secus
465 2531 504 2575 ac
524 2512 625 2590 solet,
647 2512 777 2575 nullum
798 2510 951 2574 indicium
971 2512 1126 2590 praebeat
1145 2530 1207 2575 cur
1226 2514 1308 2576 haec

176 2632 196 2677 a
217 2613 378 2694 prioribus
398 2614 567 2681 avellenda
588 2619 757 2696 putentur,
781 2613 951 2678 dicendum
972 2620 1021 2676 est
1041 2610 1219 2690 Christum,
1235 2621 1309 2695 post

176 2715 344 2796 castigatos
365 2717 457 2781 brevi
486 2717 692 2797 responsione
724 2712 936 2792 Pharisaeos,
969 2715 1010 2777 ad
1041 2715 1103 2776 alia
1135 2717 1307 2778 transitum

177 2817 302 2881 iecisse.
323 2817 384 2882 Sed
404 2838 510 2899 noque
530 2820 594 2881 alia
615 2819 745 2882 omnino
766 2820 846 2882 haec
867 2825 942 2881 sunt
962 2818 1026 2880 illis
1048 2838 1132 2898 quae
1158 2816 1306 2882 Christus

175 2918 285 2982 dicere
305 2921 496 2997 instituerat,
519 2925 693 3000 antequam
713 2919 819 3000 ipsum
840 2917 952 2982 ludaei
972 2919 1229 3000 interpellarent,
1253 2939 1307 2983 no-

175 3038 241 3100 que
261 3020 368 3083 nullos
390 3026 439 3083 est
458 3022 577 3084 horum
597 3039 635 3082 ac
656 3020 864 3101 superiorum
879 3039 1054 3083 connexus.
1070 3019 1208 3083 Dixerat
1220 3022 1305 3084 enim

174 3140 210 3184 se
230 3121 302 3184 idco
324 3123 457 3199 venisse,
479 3130 526 3199 ut,
548 3120 604 3204 qui
624 3141 689 3183 noc
709 3120 831 3195 uident,
852 3119 981 3183 uideant
1002 3118 1049 3183 lo.
1072 3119 1130 3197 lx,
1153 3119 1205 3202 393
1221 3140 1306 3202 quae

175 3227 265 3284 certe
278 3221 467 3299 doctrinam,
486 3241 550 3302 qua
574 3223 718 3285 homines
735 3223 802 3303 ipse
820 3222 1027 3300 instituebat,
1051 3221 1230 3302 significant
1238 3243 1250 3303 3
1265 3223 1305 3285 ad

175 3323 342 3386 hanovere
354 3323 545 3398 doctrinam,
555 3322 763 3404 velprolecto
773 3323 813 3384 ad
829 3324 911 3384 hano
926 3341 1070 3402 quoquo,
1087 3342 1125 3385 ea
1145 3324 1308 3402 pertinent

174 3439 257 3502 quae
275 3422 432 3504 leguntur
452 3424 484 3484 in
505 3442 558 3486 vv.
581 3420 679 3487 l-tc.
703 3421 791 3486 Haec
812 3424 913 3503 igitur
934 3442 998 3485 non
1019 3430 1095 3486 sunt
1120 3424 1180 3484 uisi
1208 3442 1308 3502 quae-

174 3525 245 3586 dam
264 3525 399 3587 illorum
414 3524 596 3605 explicatio.
615 3523 701 3600 Quin
716 3526 794 3601 imo,
811 3525 896 3589 sicut
911 3523 1040 3589 Tirinus
1055 3526 1195 3606 scripsit,
1211 3545 1304 3588 occu-

172 3622 221 3684 sio
236 3621 330 3685 huius
344 3622 505 3704 prouerbii
525 3643 577 3685 seu
586 3625 757 3703 parabolae
771 3623 836 3706 fuit
846 3623 988 3705 expulsio
1010 3623 1095 3687 caeci
1115 3624 1187 3686 nuti
1204 3645 1307 3704 espu-

173 3744 270 3806 cpopu
280 3769 293 3800 ,
322 3723 413 3807 quusi
433 3744 472 3786 eur
492 3724 571 3787 ouili
591 3723 671 3804 Dei,
705 3727 747 3789 od¹
759 3728 850 3806 fidem
871 3725 937 3788 eius
970 3726 1007 3788 in
1041 3724 1208 3789 Christum.
1236 3725 1308 3788 Vult

172 3824 253 3888 cuim
273 3827 379 3889 docere
395 3875 402 3890 .
416 3874 442 3889 ..
460 3846 490 3887 sc
511 3828 610 3888 solum
626 3847 750 3892 ...esse
771 3826 897 3902 ostium,
920 3829 1007 3909 quod
1029 3828 1087 3909 qui
1107 3828 1303 3907 ingreditur,
1364 3833 1368 3840 “

175 3945 236 3989 non
256 3933 305 3989 est
325 3944 386 3988 cur
406 3927 536 3989 aliunde
558 3929 714 4009 expulsus
736 3928 840 3992 vicem
861 3948 953 3992 suam
975 3931 1094 3993 doleat.

251 4025 400 4092 Christus
419 4028 453 4090 in
473 4029 576 4110 prima
598 4033 691 4110 parte
713 4029 810 4096 huius
832 4031 944 4112 capitis
965 4050 1035 4095 sese
1050 4037 1082 4094 et
1095 4029 1215 4094 ostium
1236 4028 1304 4094 ovi·

170 4129 209 4193 lis
230 4135 263 4194 ot
282 4136 446 4211 pastorem
467 4150 536 4194 esse
557 4130 704 4195 affirmat.
