2986 4912
284 330 317 378 Vl

285 415 547 528 inpromptu
567 441 661 501 esse
697 412 798 499 dum
827 413 922 525 quis
951 412 1032 501 hoo
1062 411 1423 506 Commentarium

284 552 475 654 evolvet3
512 579 619 664 quae
657 552 770 637 enim
804 550 969 662 plenius
998 550 1042 635 in
1076 549 1156 637 illis
1195 561 1292 640 sunt
1324 582 1422 667 per·

286 700 474 791 tractata,
498 718 550 777 ea
568 690 612 775 in
642 689 723 776 hoo
755 688 985 775 admodum
1006 687 1199 780 breviter
1219 694 1423 803 perstrin-

287 855 390 942 gere
419 827 558 919 visum
589 835 662 913 est.
694 825 806 937 Quin
837 825 964 913 etiam
993 824 1147 916 iuverit
1176 825 1267 914 illas
1297 857 1424 940 quae-

286 963 446 1050 stiones
468 961 621 1077 legisse
642 990 746 1074 quas
768 959 822 1046 de
843 960 1001 1047 Ioanne
1024 961 1162 1072 deque
1185 961 1275 1050 eius
1296 990 1423 1058 evan-

288 1100 399 1216 gelio
419 1103 463 1186 in
493 1101 738 1194 universum
768 1100 990 1186 habuimus
1014 1100 1056 1184 in
1087 1099 1224 1212 primo
1254 1082 1422 1189 illorum

288 1238 506 1324 librorum.

403 1375 513 1462 Volo
551 1384 693 1463 autem
732 1375 936 1461 monitum
970 1400 1179 1485 quemque
1220 1401 1315 1462 esse
1351 1405 1421 1465 me

289 1510 516 1600 Catholicis
546 1513 757 1612 seribere;
788 1511 1002 1626 longiores
1038 1511 1165 1624 igitur
1194 1539 1287 1597 eum
1320 1512 1424 1600 Pro-

289 1649 537 1738 testantibus
561 1649 887 1762 disceptationes
917 1677 942 1734 a
968 1676 1036 1734 me
1058 1657 1307 1760 exspectare
1337 1678 1422 1738 non

289 1795 501 1900 oportere.
528 1785 790 1902 Argumenta
819 1785 1003 1898 quidem,
1028 1784 1180 1897 quibus
1208 1784 1253 1869 hi
1282 1788 1424 1879 revin-

291 1931 453 2024 cantur,
492 1923 609 2011 haud
648 1924 787 2023 omisi;
816 1922 897 2009 sed
936 1944 1023 2007 non
1061 1919 1133 2006 illa
1168 1921 1422 2038 negligenda

290 2060 435 2171 putavi
465 2088 572 2172 quae
603 2061 698 2147 unis
727 2060 881 2148 nostris
910 2059 1231 2173 probarentur..

408 2194 634 2298 Ceterum,
665 2196 778 2310 quod
813 2196 984 2308 reoepi,
1025 2194 1150 2306 plene
1189 2221 1258 2280 me
1298 2204 1424 2309 atque
1466 2237 1468 2241 ·

293 2333 411 2418 omni
440 2332 632 2447 exparte
654 2333 913 2448 praestitisse
943 2341 1105 2420 tantum
1129 2333 1249 2420 abest
1267 2341 1313 2420 ut
1333 2362 1425 2422 ore-

295 2469 407 2572 dam,
443 2480 489 2558 ut
521 2472 656 2585 probe
696 2472 876 2559 sentiam
913 2469 1096 2584 plurima
1124 2470 1169 2556 in
1202 2470 1284 2556 hoe
1318 2469 1429 2557 libro

294 2616 513 2720 repertum
547 2609 599 2693 iri
644 2636 751 2721 quae
794 2608 925 2695 multo
966 2606 1145 2721 amplius
1186 2606 1342 2720 exponi
1379 2635 1430 2696 ae
1471 2667 1474 2672 -

297 2742 506 2831 deelarari
532 2746 731 2859 potuisse,
766 2745 852 2830 imo
893 2754 935 2833 et
969 2744 1181 2844 debuisse,
1223 2742 1431 2836 videbun-

295 2891 375 2969 tur.
417 2883 581 2970 Verum
608 2871 812 2975 brevitati
856 2908 1023 2994 quoque
1065 2880 1300 2968 consultum
1335 2909 1431 2968 esse

297 3019 503 3133 placebat.
546 3019 656 3105 Tum
685 3019 767 3120 alii,
793 3046 920 3130 spero
957 3019 1082 3118 enim,
1115 3018 1317 3104 exsistent
1346 3019 1418 3130 qui

276 3157 411 3270 'quod
447 3167 621 3245 oonatus
650 3187 755 3258 sum,
795 3155 1037 3268 perficient;
1072 3155 1222 3267 bisque
1262 3156 1299 3241 si
1329 3154 1433 3266 quid

299 3296 390 3409 opis
430 3293 582 3382 afferre
621 3295 788 3382 libellus
822 3296 900 3382 iste
930 3322 1050 3380 meus
1085 3294 1289 3406 quiverit,
1329 3293 1431 3379 satis

299 3432 380 3518 boo
422 3433 514 3533 erit,
546 3461 622 3519 eur
656 3459 741 3517 non
770 3430 1050 3543 poenitendos
1084 3429 1242 3517 laboris
1271 3427 1432 3515 fruetus

300 3597 369 3654 me
401 3569 638 3656 existimem
666 3568 922 3680 percepisse.

415 3704 692 3820 Evangelium
726 3731 975 3816 expressum
1016 3712 1080 3790 est
1119 3703 1175 3790 ad
1216 3701 1434 3814 exemplar

303 3844 463 3932 editum
478 3845 522 3930 in
540 3845 835 3959 typograpbeo
850 3843 1044 3935 vaticano
1065 3870 1176 3928 anno
1198 3838 1431 3940 brexelli

303 4010 385 4093 qua
414 3981 535 4066 inre
567 4009 618 4067 ea
646 3979 853 4095 religione
874 4008 973 4068 usus
1003 4007 1107 4079 sum,
1139 4005 1247 4091 quae
1276 4002 1435 4070 vereor

302 4145 358 4204 ne
388 4117 581 4230 uniquam
611 4117 740 4229 nimia
768 4116 945 4205 fortasse
975 4115 1182 4210 videatur.
