2978 4920
551 325 652 373 curre
676 325 793 375 enluvu
1216 307 1236 373 l

95 428 212 478 rerum
234 413 432 486 creatarum,
447 425 485 471 ae
505 410 532 471 si
551 428 662 472 sensus
678 416 762 473 esset
775 408 921 471 Verbum
936 406 1033 470 luisse
1051 414 1238 472 creatarum

99 531 214 576 rerum
235 528 394 587 caussam3
417 506 551 572 loannes
565 509 649 570 enim
666 517 777 588 postea
792 509 831 571 de
846 507 946 571 Verbi
959 509 1113 587 operibus
1131 511 1239 590 loqui·

102 621 168 693 tur;
191 610 270 692 quid
290 628 368 689 ergo
389 608 513 671 initium
535 608 662 672 fecisset
682 627 701 670 a
719 608 817 671 Verbi
832 609 997 688 operibus,
1013 609 1237 689 omisissetque

95 732 137 776 aa
157 711 304 774 Verbum
325 715 493 772 aeteruum
513 709 567 783 sit,
590 727 630 770 an
651 709 683 770 in
705 715 849 788 tempore
871 727 940 770 esse
962 709 1131 788 coeperit?

176 809 251 872 lVon
272 808 413 870 ordinem
433 806 505 871 loci.
530 806 729 887 Significaret
752 809 836 870 enim
850 807 997 870 Verbum
1013 829 1081 872 esse
1095 812 1237 890 primum

64 980 67 985 ,
95 913 129 974 in
151 912 261 974 rebus.
285 907 346 971 Sed
368 928 431 970 non
452 909 484 969 iu
505 909 602 970 rebus
624 910 750 985 divinis,
773 910 944 988 inquibus
966 908 1046 971 nihil
1067 912 1158 991 prius
1179 919 1238 974 aut

96 1011 271 1093 posterius.
285 1008 359 1073 Non
369 1010 400 1069 in
412 1008 540 1084 creatis,
556 1027 660 1087 quum
673 1008 820 1072 Verbum
837 1016 985 1074 creatum
999 1012 1128 1088 nonsit,
1145 1031 1238 1076 mox-

96 1131 164 1193 que
185 1111 341 1174 ocreatis
362 1115 550 1172 secernatur
570 1109 602 1170 in
622 1129 653 1172 r.
675 1108 706 1173 3.

178 1211 268 1291 Ergo
289 1208 430 1272 ordinem
449 1208 605 1290 temporis.
628 1208 689 1272 Sed
710 1213 839 1275 nullum
860 1217 987 1293 tempus
1002 1209 1136 1276 Ioannes
1157 1214 1237 1277 indi-

97 1321 154 1377 cat
166 1314 200 1375 in
213 1313 307 1374 euius
321 1311 477 1391 principio
491 1310 638 1374 Verbum
653 1318 734 1374 crat.
752 1311 899 1376 Sumitur
913 1332 991 1392 ergo
1006 1313 1088 1376 illud
1100 1313 1135 1375 in
1142 1314 1237 1394 prio-

98 1413 184 1495 eipio
205 1413 353 1476 absolute
387 1418 420 1474 et
439 1413 471 1473 iu
491 1413 693 1489 universum,
715 1420 754 1476 ut
773 1434 885 1476 sensus
906 1414 998 1477 sitin
1019 1415 1177 1495 principio
1202 1435 1238 1479 o-

99 1516 224 1577 mnium
246 1531 359 1576 rerum
374 1530 457 1591 quae
472 1513 664 1592 principium
677 1514 806 1589 habent,
826 1521 925 1594 atque
937 1515 1018 1577 adeo
1033 1516 1065 1576 in
1082 1516 1239 1598 principio

100 1616 202 1697 ipsius
223 1614 396 1693 temporis,
423 1613 455 1674 in
474 1632 600 1675 summa
622 1633 724 1694 quum
751 1615 857 1694 primo
885 1615 1018 1694 aliquod
1045 1616 1239 1698 principium

99 1717 174 1779 luit.
198 1713 360 1779 Sententia
380 1732 459 1794 ergo
480 1720 545 1776 est:
570 1713 680 1790 Quum
702 1721 828 1795 tempus
849 1735 917 1778 esse
942 1717 1067 1798 coepit,
1093 1716 1240 1781 Verbum

99 1820 166 1881 iam
186 1823 267 1881 erat.
289 1815 350 1878 Est
368 1834 447 1895 ergo
468 1822 647 1878 aeternum.
664 1849 704 1861 ——
718 1814 948 1879 Animadverte
962 1824 1031 1880 uta
1054 1819 1188 1882 vocibus
1202 1818 1239 1880 io

91 1915 259 1997 principio
279 1917 386 1979 omnia
408 1917 470 1977 tria
491 1935 606 1978 versus
625 1917 721 1996 primi
735 1917 833 1978 incisa
851 1916 1062 1996 dependeant,
1079 1927 1179 1998 prout
1192 1920 1239 1982 el-

99 2018 152 2080 lici
172 2018 303 2081 videtur
324 2037 366 2079 ex
387 2017 488 2080 verbo
509 2025 577 2078 erut
596 2017 629 2077 in
649 2017 783 2096 singulis
805 2018 954 2096 repetito.

179 2118 231 2181 An
251 2119 335 2180 idem
356 2116 528 2180 exordium
549 2115 708 2181 Geneseos
729 2122 763 2178 et
782 2117 879 2179 huius
907 2117 1073 2196 evangelii.
1103 2116 1237 2181 Grotius

96 2220 143 2282 ait
154 2220 240 2282 idox
251 2217 368 2283 Genesi
389 2219 606 2297 desumptum.
630 2212 828 2298 Accipimus,
841 2217 999 2298 siquidem
1013 2219 1098 2281 idem
1112 2221 1239 2282 utrobi-

97 2341 164 2402 que
185 2340 298 2384 sensus
320 2320 370 2382 sit.
388 2317 449 2382 Sed
461 2320 523 2381 hoe
538 2320 643 2399 ipsum
665 2321 846 2399 quaeritur.
865 2317 1048 2399 Subiungit,
1066 2339 1169 2400 quum
1184 2340 1241 2384 uo·

95 2430 150 2486 tus
163 2422 207 2484 sit
218 2440 330 2485 sensus
341 2421 469 2482 exordii
484 2418 656 2496 Geneseos,
673 2440 715 2483 ex
729 2422 791 2484 hoe
806 2421 1051 2500 intelligendum
1066 2423 1239 2485 exordium

96 2523 266 2603 evangelii.
290 2521 453 2602 Negamus
475 2522 562 2600 quod
583 2523 733 2601 ponitur,
763 2522 922 2585 notiorem
951 2541 1020 2585 esse
1047 2541 1177 2585 sensum
1206 2524 1238 2584 in

98 2621 228 2702 Genesi;
250 2641 324 2685 nam
344 2623 449 2685 minus
471 2623 560 2684 clare
581 2623 751 2702 minusque
773 2623 922 2702 expedite
937 2641 1048 2686 seusus
1069 2624 1102 2685 in
1122 2623 1240 2688 Genesi

95 2729 233 2804 apparot
253 2742 351 2803 quam
372 2723 404 2783 in
425 2723 603 2801 evangelio.
621 2721 788 2786 Subsumit
810 2730 927 2786 tamen:
945 2722 981 2785 lu
997 2721 1113 2788 Genesi
1126 2744 1239 2787 sensus

95 2831 156 2888 est:
183 2822 259 2886 Cum
274 2821 414 2903 primum
434 2822 553 2885 creavit
573 2822 656 2884 Deus
676 2826 796 2886 coctum
810 2833 839 2884 et
852 2833 981 2897 terram,
996 2834 1081 2886 terro
1096 2834 1163 2886 erat
1177 2835 1234 2888 etc.

95 2925 184 2991 Illud
209 2924 285 2989 Cum
300 2924 440 3004 primum
461 2923 581 2987 creavit
603 2933 651 2989 est
672 2927 712 2988 de
733 2944 818 3005 penu
834 2925 1058 2988 Rabbinorum
1077 2924 1184 2988 Iarchi
1206 2933 1240 2989 et

89 3025 190 3101 ,Abcn
209 3024 314 3088 Errae
329 3027 589 3089 contendentium
602 3036 760 3097 nemun:
773 3045 841 3088 esso
858 3027 890 3086 in
904 3026 1071 3104 regimine,
1088 3026 1176 3106 quod
1194 3032 1240 3088 ta-

93 3151 169 3196 men
190 3132 295 3212 primo
315 3132 407 3194 nulla
428 3133 513 3194 ratio
536 3129 724 3205 confirmat,
746 3131 889 3192 seeundo
909 3131 1053 3213 syntaxis
1074 3149 1138 3191 non
1158 3129 1241 3209 pati·

95 3241 163 3309 tur,
178 3231 275 3294 tertio
289 3232 443 3310 loquendi
458 3233 541 3295 ratio
557 3232 691 3307 refellit,
704 3237 824 3309 quarto
836 3232 987 3310 exempla
1002 3250 1045 3293 ex
1060 3229 1101 3292 ls.
1116 3229 1237 3305 XXIX,

93 3332 168 3397 let
188 3331 244 3395 Os.
269 3330 296 3409 l,
318 3331 339 3395 2
359 3353 422 3396 non
453 3339 526 3413 apta
561 3332 700 3395 suntad
731 3332 980 3395 defendendum.
1009 3329 1240 3394 Animadverte

95 3439 265 3515 praeterea
286 3433 318 3494 in
339 3434 388 3495 his
410 3431 515 3498 Grotii
537 3433 644 3496 verbis
666 3433 798 3494 obtrudi
814 3434 936 3495 mundi
961 3433 1241 3507 aeternitatem‚et

94 3537 196 3600 verbo
218 3554 324 3597 oreore
345 3535 451 3614 affingi
472 3535 572 3597 alium
594 3552 723 3596 sonsum
744 3553 781 3596 ac
803 3535 910 3612 debct;
933 3534 1020 3614 quod
1041 3533 1162 3596 clarius
1184 3550 1239 3613 ap-

95 3644 189 3718 paret
214 3637 246 3697 in
275 3633 380 3698 Grotii
409 3636 640 3697 commentario
669 3636 708 3697 de
730 3633 856 3702 Genesi.
886 3632 1058 3697 Concludit
1086 3633 1236 3713 denique:

93 3738 179 3817 Erpo
210 3754 241 3800 iu
271 3753 426 3799 rainelmo
456 3746 500 3797 est
528 3755 597 3797 com
619 3736 760 3815 primum
787 3755 892 3798 rerum
922 3733 1114 3797 universitas
1140 3731 1241 3812 eoepit

93 3836 213 3909 creari,
235 3835 300 3898 iam
322 3847 387 3897 tom
408 3845 476 3897 erat
496 3834 651 3897 Verbum.
676 3835 760 3897 Vere
782 3835 932 3914 quidem,
956 3835 982 3896 si
1004 3835 1104 3916 verba
1125 3839 1239 3896 sonent

93 3939 181 4019 quod
202 3957 317 4000 sonare
340 3937 467 4014 debent,
491 3936 549 3998 etsi
572 3954 635 3996 non
655 3936 773 4015 logice,
792 3955 893 4014 quum
910 3923 1093 4016 complexio
1108 3953 1151 3996 ex
1164 3951 1241 4013 pro-

92 4040 205 4120 positis
225 4058 288 4101 non
310 4039 479 4101 efficiatur.
505 4036 574 4113 Ast,
599 4055 701 4114 quum
723 4037 822 4099 iubis
844 4037 982 4100 verbum
997 4033 1101 4099 creari
1116 4053 1179 4097 non
1199 4033 1240 4095 sit

92 4159 134 4202 ex
155 4140 257 4201 nihilo
288 4138 380 4215 lieri,
404 4138 594 4201 otmundus
624 4144 776 4200 aeternus
806 4143 967 4219 ponatur,
997 4143 1238 4218 proptereaque
