2986 4912
515 315 616 366 carrr
643 313 784 364 narrum
807 314 950 387 raarrvu
977 340 982 347 -
1244 300 1309 379 159

177 472 180 477 .
277 403 329 486 36
356 407 452 484 Dicit
478 407 510 483 ei
538 407 662 483 Simon
693 406 845 483 Petrus:
874 406 1048 494 Domine,
1067 422 1139 504 quo
1166 406 1303 482 radis?

162 527 372 636 'Respondit
390 535 503 610 lesus:
532 532 612 625 Quo
626 558 693 633 ego
710 534 817 620 rado,
836 556 908 608 non
926 547 1031 632 potes
1050 556 1111 608 ma
1129 535 1237 609 modo
1252 558 1304 610 se·

169 665 246 764 qui:
275 664 437 763 sequeris
464 675 587 738 autem
614 673 754 761 postea.
1200 665 1201 669 ’
1288 668 1289 672 ’

279 786 330 869 37
358 791 453 867 Dicit
468 792 501 866 ei
517 791 658 866 Petrus:
675 788 793 881 Quare
810 814 879 865 non
895 813 1042 888 possum
1057 801 1095 866 te
1114 792 1216 891 sequi
1230 814 1309 867 mo-

172 918 256 996 do‘d
284 921 442 995 animam
470 941 591 994 meam
617 942 684 1018 pro
699 930 737 993 te
765 941 911 1018 ponam.

192 1064 194 1070 ’
281 1041 335 1124 38
362 1046 562 1145 Respondit
589 1047 623 1121 ei
642 1046 756 1123 Iesus:
777 1045 946 1122 Animam
965 1059 1066 1152 tuam
1080 1070 1148 1146 pro
1166 1070 1226 1123 me
1246 1070 1311 1146 po·

174 1171 264 1250 nes?
290 1173 420 1262 Amen,
435 1174 637 1251 amandino
655 1173 733 1273 tibia
762 1170 840 1249 Non
868 1173 1028 1251 cantabit
1047 1175 1177 1274 gallus,
1195 1177 1309 1251 donee

176 1315 237 1378 ter
266 1326 327 1379 me
355 1326 476 1400 neges.

682 1551 806 1569 ἡ

619 1759 870 1813 connumeravit

181 1991 372 2118 Christum
391 2055 516 2136 pridie,
539 2073 637 2135 quam
664 2057 755 2119 cruci
785 2056 962 2138 figeretur,
984 2058 1102 2139 pascha
1133 2057 1312 2121 celebrasse

184 2157 291 2237 idque
303 2154 416 2220 eodem
436 2157 506 2237 ipso
527 2156 578 2219 die
592 2175 630 2219 ae
644 2156 923 2243 Hierosolymitas,
945 2160 997 2223 die
1017 2161 1149 2239 inquam
1168 2155 1208 2223 17
1227 2175 1313 2220 mar-

184 2256 234 2334 tii,
251 2257 331 2320 feria
344 2253 386 2335 V,
402 2257 693 2323 demonstravimus
707 2260 740 2321 in
753 2258 823 2323 Lib.
846 2258 895 2323 111
916 2261 956 2325 de
976 2260 1159 2341 Evangeliis
1172 2257 1256 2322 Diss.
1272 2256 1310 2335 L,

184 2356 264 2420 item
282 2357 477 2421 ostendimus
498 2377 643 2436 coenam,
665 2359 705 2422 de
727 2378 792 2439 qua
813 2360 913 2423 estin
934 2362 1038 2443 capita
1057 2358 1137 2423 XIII
1158 2358 1315 2439 evangelii

185 2455 337 2536 loannis,
356 2477 420 2522 non
440 2459 538 2522 aliam
559 2478 627 2523 esse
647 2479 746 2540 quam
766 2461 902 2543 epulum
922 2463 1073 2544 paschale
1093 2461 1147 2525 oui
1167 2459 1316 2526 Christus

185 2558 341 2622 accubuit
360 2559 419 2622 illo
440 2558 501 2622 die.
525 2559 618 2623 Huie'
632 2561 730 2641 epulo
751 2561 878 2625 initium
903 2562 975 2625 fieri
996 2563 1083 2625 haud
1103 2562 1222 2624 licebat
1242 2565 1315 2622 ante

185 2661 307 2742 primas
328 2660 486 2724 tenebras.
509 2658 596 2741 Lege
615 2658 684 2723 Lib.
706 2659 754 2724 111
787 2663 828 2726 de
848 2660 1128 2744 Evangeliis'Diss.
1149 2660 1186 2724 L.
1208 2680 1240 2723 n.
1263 2656 1313 2725 13.

189 2758 357 2824 Christum
386 2763 598 2840 accubuisse,
620 2768 659 2826 ut
677 2764 820 2845 primum
839 2765 958 2842 licuit,
980 2771 1051 2828 tum
1071 2782 1131 2840 ea,
1154 2781 1238 2844 quae
1258 2779 1319 2843 per

185 2868 315 2925 noctem
335 2863 539 2942 insequutam
561 2870 649 2944 gesta
672 2872 769 2942 sunt,
792 2865 925 2928 eredere
945 2865 1099 2941 suadent,
1122 2870 1192 2927 tum
1212 2861 1318 2926 Lucas

187 2967 328 3027 testatur
358 2965 406 3026 his
436 2964 565 3028 verbis:
587 2963 631 3027 Et
651 2980 713 3028 cru
735 2981 836 3030 ruera
857 2981 957 3028 assur
980 2980 1077 3038 noae,
1092 2962 1247 3025 discubuit
1262 2960 1316 3041 (1).

187 3061 282 3140 Quae
302 3083 380 3146 ergo
399 3065 556 3146 leguntur
569 3066 602 3127 in
616 3066 677 3130 hoc
698 3067 814 3149 capite,
831 3073 918 3148 gesta
938 3074 1013 3130 sunt
1032 3067 1117 3129 intra
1137 3067 1235 3129 horas
1253 3063 1320 3145 'pri-

188 3185 276 3229 mam
297 3173 331 3231 et
349 3168 487 3230 alteram
507 3168 548 3230 ab
568 3186 687 3231 occasu
706 3169 795 3247 solis,
817 3187 920 3249 quum
939 3170 1030 3232 nobis
1049 3168 1181 3249 quidem
1200 3167 1267 3230 dies
1279 3162 1321 3229 17

190 3267 301 3330 martii
321 3267 467 3348 feriaque
488 3269 600 3348 quinta
621 3269 789 3341 etiamtum
812 3270 894 3347 iret,
910 3270 967 3332 sed
982 3268 1109 3332 Iudaeis
1130 3269 1196 3332 dies
1218 3268 1321 3329 festus

190 3368 316 3450 primus
336 3388 549 3455 azymorum,
573 3370 704 3451 quintus
725 3370 868 3435 decimus
888 3372 1005 3434 mensis
1024 3371 1153 3447 nisanis,
1174 3370 1321 3448 feriaque

189 3475 284 3533 sexta
311 3469 375 3534 iam
405 3476 520 3535 essent.
552 3468 638 3550 Lege
668 3469 738 3533 Lib.
770 3469 818 3533 111
847 3471 887 3535 de
916 3470 1100 3552 Evangeliis
1129 3468 1213 3533 Diss.
1249 3465 1319 3531 LII.

189 3590 262 3654 eap.
286 3571 341 3636 IV.
1052 3606 1055 3611 ,

228 3728 231 3732 .
271 3692 303 3740 v.
323 3670 355 3739 1.
377 3674 458 3740 date
478 3676 559 3740 diem
585 3681 695 3760 festum
716 3679 852 3760 paschae
886 3681 961 3756 vel,
983 3684 1022 3742 ut
1052 3695 1167 3758 graeca
1186 3681 1319 3751 sonant,

191 3775 276 3839 Ante
294 3777 440 3840 sollemne
455 3781 602 3859 paschae.
620 3779 665 3844 Vt
683 3781 780 3845 modo
801 3782 922 3845 dietum
952 3787 1022 3858 est,
1050 3780 1117 3842 dies
1148 3778 1248 3842 festus
1269 3774 1323 3838 lu-

192 3877 282 3940 daeis
305 3876 370 3941 iam
396 3880 570 3961 inceperat.
593 3880 718 3945 Verum
739 3879 894 3959 Ioannes,
925 3880 1045 3962 quippe
1069 3879 1126 3959 qui
1151 3879 1231 3940 haee
1250 3893 1325 3937 nar·

193 3986 287 4045 raret
314 3982 479 4063 sexaginta
500 3984 637 4065 amplius
661 3991 735 4066 post
755 3985 843 4050 annis
863 4002 962 4065 quam
982 3987 1070 4064 gesta
1091 3982 1241 4056 fuerant,
1269 3977 1324 4042 de-

265 4167 302 4240 (¹)
319 4172 382 4230 tuo.
401 4173 487 4244 xxu,
507 4174 551 4227 rr.
