2986 4912
296 285 365 356 Ι130
642 303 672 349 m
695 301 832 349 rosanus
853 300 1102 348 courarrmuvu

300 389 408 453 sitioni
422 390 504 449 hanc
519 388 657 449 alteram
671 386 894 448 substituerat:
912 384 1018 447 Filias
1032 385 1092 448 ba·
1104 403 1173 446 sam
1181 405 1198 458 ,·
1216 406 1257 448 ox
1272 405 1340 467 quo
1356 388 1437 451 illud

300 490 504 553 inferendum
519 508 588 551 esse
603 488 757 564 vidimus,
774 507 872 550 unam
887 494 985 566 atque
1007 487 1153 549 eamdem
1171 507 1239 551 esse
1260 490 1437 569 utriusqus

302 593 531 674 propositionis
551 593 617 654 vim
638 592 853 653 strationem.
872 587 998 664 Quibus
1017 590 1143 651 duabus
1161 591 1241 652 haec
1262 592 1361 653 tertia
1381 592 1436 654 ad·

302 694 406 756 denda
427 698 487 756 est:
502 691 601 754 Pater
613 689 650 752 ia
664 710 710 752 me
724 700 781 763 cst,
798 698 826 750 et
840 709 895 768 epo
914 687 951 749 ia
960 698 1066 767 patre,
1082 690 1188 769 deque
1205 709 1244 752 oa
1261 692 1341 753 item
1354 692 1438 755 iudi-

302 795 463 870 candum,
496 811 600 871 quum
631 792 797 855 conclusio
818 792 859 854 sit
879 780 1167 870 argumentationis
1192 810 1257 871 qua
1285 791 1437 858 Christus

301 894 470 957 ostendere
481 893 620 955 habebat
630 911 664 954 se
676 898 708 954 et
722 898 848 973 patrem
860 911 962 953 unum
976 911 1044 953 esse
1055 911 1154 971 seque
1167 911 1235 955 esse
1246 893 1353 955 tilium
1365 893 1436 957 Dei.

381 992 496 1073 Itaque
517 994 622 1074 prima
643 993 873 1073 propositione,
897 1011 981 1071 quae
1002 999 1065 1055 est:
1086 991 1155 1072 Epo
1176 1002 1205 1055 et
1223 1004 1316 1073 pater
1337 1013 1438 1058 amam

299 1103 419 1167 samus,
441 1092 589 1157 Christus
610 1112 702 1156 suam
724 1113 799 1156 cum
820 1101 913 1174 patre
934 1093 1307 1170 consubstantialitatem,
1330 1097 1436 1161 altera

299 1194 532 1275 propositione,
555 1211 639 1272 quae
660 1198 719 1255 est:
743 1191 850 1255 Filias
869 1191 930 1255 Dei
950 1212 1018 1254 sam
1030 1237 1041 1268 ,
1066 1195 1207 1257 divinam
1226 1195 1434 1276 filiationem,

298 1300 398 1375 atque
418 1294 500 1356 adeo
521 1294 687 1358 distinctas
706 1293 807 1373 patris
828 1299 861 1355 et
882 1293 940 1354 filii
961 1290 1172 1378 ὑποστασεις,
1201 1297 1317 1376 tertia,
1350 1318 1436 1378 quac

298 1407 357 1464 est:
373 1401 472 1464 Pater
485 1399 522 1461 m
536 1418 582 1460 me
592 1409 647 1478 est,
661 1409 690 1462 st
703 1419 756 1480 epo
768 1400 916 1481 impetra,
929 1397 1252 1463 circumiacessioaam
1262 1398 1434 1479 expressit.

301 1501 351 1566 De
372 1521 436 1582 qua
458 1509 637 1583 postrema,
659 1505 731 1583 lege
753 1522 836 1583 quae
857 1501 996 1565 Thomas
1009 1500 1050 1582 (l)
1072 1493 1208 1582 scripsit.

378 1623 410 1667 v.
431 1600 482 1668 39.
506 1603 612 1666 Probe
633 1604 733 1684 igitur
754 1603 867 1667 ludaei
881 1606 1116 1666 intellexerunt
1129 1600 1295 1667 Christum
1306 1619 1368 1664 sua
1382 1620 1436 1663 ar-

301 1705 540 1786 gumentatione
551 1725 615 1768 non
625 1706 715 1768 aliud
727 1707 920 1769 confirmare
932 1717 1030 1785 atque
1041 1706 1115 1786 ipsis
1126 1707 1266 1785 probare
1276 1705 1433 1784 voluisse,

299 1824 399 1886 quam
418 1807 501 1868 illud
521 1808 628 1887 ipsum
649 1810 737 1888 quod
758 1807 979 1888 blasphemiam
999 1827 1068 1870 esse
1081 1809 1142 1887 ipsi
1155 1809 1339 1889 censebant3
1356 1827 1435 1888 qua·

298 1909 364 1971 lem
385 1909 533 1988 prolecto
554 1910 680 1971 nullam
701 1911 821 1972 exiliis
836 1909 957 1973 Christi
977 1911 1249 1991 propositionibus
1269 1929 1341 1973 esse
1362 1931 1435 1974 cen-

297 2011 447 2087 suissent,
470 2010 497 2072 si
518 2011 543 2073 is
565 2011 604 2073 de
625 2012 832 2075 voluntatum
854 2013 1090 2089 coniunctione,
1113 2012 1152 2074 de
1172 2012 1357 2093 adoptione,
1380 2015 1434 2077 de·

298 2131 364 2190 quo
382 2117 498 2174 mutua
520 2112 691 2175 dilectione
712 2119 797 2176 esset
814 2113 984 2193 loquutus.

378 2231 409 2274 r.
432 2207 483 2277 40.
506 2209 626 2276 Confer
646 2230 730 2292 quae
751 2213 837 2276 diota
857 2219 932 2276 sunt
952 2215 992 2276 de
1013 2211 1059 2276 lo.
1082 2210 1109 2292 l,
1129 2211 1182 2293 283
1197 2212 1257 2290 ΙΙΙ,
1272 2212 1323 2276 23.
1343 2211 1435 2277 Chri

296 2319 383 2375 stum
404 2313 473 2393 ipso
495 2313 546 2375 die
568 2313 649 2376 lesto
671 2315 912 2390 encaeniorum,
935 2321 993 2377 aut
1013 2324 1101 2378 certe
1121 2335 1199 2378 mox
1213 2316 1339 2392 abillo,
1357 2315 1433 2380 Hie-

299 2412 462 2495 rosolyma
485 2413 665 2476 discessisse
686 2412 821 2478 Ioannes
842 2434 978 2478 narrare
998 2416 1138 2478 videtur.

379 2531 433 2576 vv.
454 2507 505 2578 ΙΙ.
527 2511 578 2578 42.
601 2513 685 2578 Nota
700 2515 732 2576 id
745 2517 832 2595 quod
847 2517 966 2580 dicitur
980 2518 1018 2579 dc
1034 2515 1152 2580 Ioanne
1166 2516 1324 2598 Baptista,
1338 2540 1435 2583 evan-

283 2614 431 2692 'gelistae
451 2616 618 2695 proposito
639 2618 785 2698 apprime
806 2627 1027 2700 opportunum
1037 2640 1049 2698 3
1081 2620 1223 2699 itemque
1249 2622 1432 2685 clausulam

283 2716 449 2778 vusitatam
471 2717 503 2776 in
524 2718 585 2780 hoc
606 2720 783 2799 evangelio.

704 2907 1020 2962 -oqggm—

698 3154 905 3201 ateva
963 3155 1023 3202 xl

487 3319 514 3370 Ἰ

407 3396 424 3474 Ι
460 3319 578 3478 hrot
605 3417 728 3479 autem
747 3406 893 3503 quidam
908 3407 1082 3506 languens
1098 3408 1292 3487 Lazarusa
1311 3411 1429 3488 Beth

297 3528 392 3617 ania,
420 3531 464 3604 de
494 3532 645 3606 castello
673 3533 822 3617 Mariae,
850 3548 887 3609 et
915 3535 1077 3611 Marthae
1106 3540 1240 3613 sororis
1268 3541 1361 3614 eius.

402 3655 429 3730 ἓ
459 3656 585 3756 (Maria
614 3675 737 3735 autem
766 3676 859 3749 erat,
888 3687 979 3762 quae
999 3666 1104 3740 unxit
1132 3665 1326 3742 Dominum
1365 3693 1433 3742 un·

294 3798 441 3881 guento,
471 3799 508 3860 ct
536 3789 690 3863 extersit
717 3791 828 3888 pedes
857 3794 935 3868 eius
955 3794 1095 3893 capillis
1115 3797 1206 3870 suis:
1228 3797 1332 3871 cuias
1353 3797 1428 3871 fra·

293 3921 351 3985 ter
378 3909 535 3986 Lazarus
563 3914 841 4018 infirmabatur.)

378 4118 412 4185 (l)
431 4119 457 4172 l.
475 4135 501 4185 q.
521 4121 563 4173 ⁴2.
582 4137 606 4175 a.
626 4122 653 4174 t.
672 4138 697 4175 c.
