2986 4912
171 314 234 383 112
544 331 574 378 nn
597 331 735 379 nonaxon
758 329 1007 379 conncnrnnn'u

168 422 254 485 inter
274 424 384 483 ortum
406 419 585 483 Abrahami
607 425 640 481 et
661 417 781 483 Christi
804 419 953 495 obitum,
986 435 1050 480 non
1074 416 1180 481 multo
1212 417 1316 498 magis

165 523 241 584 anni
261 522 442 600 discrepent
461 521 694 601 quinquaginta
722 539 820 600 quam
836 526 980 600 quatuor
998 525 1030 582 et
1046 519 1188 599 triginta3
1209 536 1316 599 quare

165 625 226 700 illi,
249 641 368 703 quum,
391 628 645 702 utramcumque
662 640 824 684 summam
838 621 996 697 dicerent,
1016 639 1121 701 aeque
1134 621 1217 683 hene
1231 624 1318 683 esset

165 729 381 802 argumento,
404 722 583 803 pleniorem
604 721 721 784 eiicrre
742 723 941 784 maluerunt.
966 718 1119 783 Ceterum
1156 720 1247 783 vides
1279 726 1318 783 ut

165 824 295 887 minimo
316 823 514 886 concludere
538 822 637 884 liceat
659 820 830 887 Christum
852 829 929 885 tunc
951 822 1106 901 temporis
1131 821 1316 902 quadrage-

166 925 286 988 simum
306 925 392 987 vitae
413 942 534 987 annum
558 923 622 985 iarn
643 922 837 1003 explevisse.

246 1048 278 1092 v.
300 1025 350 1092 58.
375 1025 461 1091 Nota
484 1026 568 1089 illud
589 1042 659 1087 sum
680 1031 828 1104 temporo
848 1024 1023 1104 praesenti,
1046 1029 1080 1088 ct
1099 1022 1220 1089 Christi
1239 1042 1314 1106 per·

168 1145 281 1194 sonam
301 1130 445 1209 priorem
468 1126 669 1190 Abrahamo.

561 1334 917 1391 *famma-⁴⁹·-

572 1587 779 1638 CAPVC
837 1586 901 1635 itt

280 1878 299 1959 1
331 1800 409 1962 Et
436 1883 661 1984 praeteriens
688 1883 792 1960 lesus
820 1883 912 1958 vidit
942 1882 1130 1960 homiuem
1162 1907 1313 1962 caecum

172 2037 193 2087 a
221 2013 429 2088 nativitate.

276 2137 303 2216 2
331 2155 371 2216 et
398 2138 716 2240 interrogaverunt
743 2162 829 2215 eum
856 2137 1023 2236 discipuli
1051 2139 1151 2213 eius:
1181 2136 1314 2225 Rabbi,

172 2269 254 2371 quis
280 2270 460 2368 peccavit,
486 2268 560 2358 hic,
590 2282 654 2346 aut
680 2280 853 2368 parentes
882 2266 986 2354 eius,
1015 2278 1057 2342 ut
1088 2291 1219 2343 caecus
1249 2291 1315 2342 na·

173 2393 368 2472 scereturi

173 2582 176 2587 ,
277 2518 302 2599 3
330 2523 534 2624 Respondit
561 2525 675 2601 lesus:
704 2526 829 2627 Neque
850 2531 909 2606 hio
929 2531 1108 2630 peccavit,
1122 2551 1240 2628 neque
1255 2551 1315 2628 pa·

173 2663 296 2726 rentes
324 2652 414 2726 eius:
432 2653 497 2728 sed
515 2666 557 2729 ut
581 2654 861 2732 manifestentur
877 2681 987 2757 opera
1002 2657 1069 2732 Dei
1087 2657 1123 2731 in
1143 2656 1221 2731 illo.

281 2773 307 2855 lt
335 2778 392 2854 Me
420 2792 567 2880 oportet
593 2784 736 2882 operari
765 2808 876 2883 opera
904 2786 996 2874 eius,
1024 2785 1086 2884 qui
1113 2783 1215 2858 misit
1241 2804 1346 2868 me,.

174 2908 289 2983 donec
316 2909 394 2983 dies
421 2921 492 2984 est:
521 2911 623 2986 venit
645 2905 737 3002 uox,
764 2915 909 3012 quando
937 2937 1046 2990 nemo
1072 2924 1197 3012 potest
1227 2934 1317 3010 ope-

177 3036 263 3110 rari.

283 3159 308 3238 5
336 3166 510 3261 quamdiu
538 3189 619 3242 sum
647 3166 683 3240 in
711 3168 860 3254 mundo,
879 3165 945 3243 lux
972 3191 1054 3243 sum
1081 3166 1222 3242 mundi.

285 3282 310 3365 6
336 3290 435 3368 Haec
463 3315 546 3368 cum
574 3294 741 3380 dixisset,
769 3296 897 3395 expuit
925 3295 961 3369 in
990 3309 1142 3382 terram,
1162 3306 1200 3370 et
1227 3292 1318 3372 fecit

177 3416 296 3492 lutum
323 3445 371 3495 ex
399 3433 521 3518 sputo,
549 3433 587 3495 et
614 3421 734 3497 linivit
760 3422 880 3498 lutum
908 3446 1018 3521 super
1045 3422 1169 3498 oculos
1193 3423 1293 3510 eius,

284 3539 309 3620 7
337 3561 376 3623 et
403 3547 496 3623 dixit
513 3549 564 3623 ei:
586 3548 699 3636 Vade,
716 3551 798 3625 lava
818 3552 855 3625 in
874 3551 1057 3627 natatoria
1076 3550 1173 3626 Silue
1203 3548 1320 3650 (quod

178 3671 440 3771 interpretatur
471 3673 634 3776 Missus.)
669 3675 769 3751 Abiit
801 3701 902 3778 ergo,
936 3689 974 3754 et
1001 3677 1119 3765 lavit,
1147 3688 1186 3752 et
1218 3677 1321 3753 venit

179 3801 318 3876 videns.

285 3923 310 4002 8
344 3931 471 4029 ltaque
504 3932 626 4020 vicini,
660 3945 698 4008 et
731 3935 793 4034 qui
822 3932 989 4008 viderant
1016 3957 1100 4009 eum
1119 3921 1322 4034 priusquia

178 4057 366 4132 mendicus
398 4071 492 4144 erat,
524 4061 706 4138 dicebant:
737 4060 863 4136 Nonne
882 4061 942 4135 hic
970 4073 1042 4149 est,
1062 4061 1124 4160 qui
1153 4060 1321 4151 sedebat,

182 4200 222 4261 et
247 4183 504 4261 mendicabat?
537 4178 608 4263 Alii
635 4185 822 4266 dicebant:
858 4185 950 4278 Quia
977 4187 1038 4262 hic
1057 4199 1128 4264 est.
