2986 4912
501 337 604 386 csnvr
626 337 787 385 sunrinvn
1168 323 1208 391 9ss

152 443 184 488 v.
206 420 256 488 31.
279 422 333 485 Illi
353 423 462 500 iidem,
486 425 542 504 qui
563 423 785 496 crediderunt,
812 423 856 486 ita
877 424 957 487 alios
978 428 1210 505 percontaban-

71 533 139 590 turz
162 524 328 607 Siquidem
349 526 401 589 hic
423 524 514 588 Iesus
535 545 600 589 non
620 531 668 588 θεῖ
691 524 854 602 Christus,
876 544 955 588 num
976 528 1096 606 putatis
1117 526 1210 592 Chri·

71 633 159 690 stum
179 629 277 707 plura
297 628 386 706 signa
407 625 598 690 editurum?
662 651 665 666 ¹
739 612 742 619 ⁵

151 749 183 793 v.
198 727 249 794 33.
268 728 367 808 Erpa,
382 731 454 792 noc
467 738 526 803 est,
543 748 582 791 eo
604 727 691 808 quod
713 727 872 792 venissent
892 736 929 788 nt
948 730 1212 808 apprehenderent

71 849 142 892 enm
163 850 194 894 v.
210 829 260 894 32.
273 864 314 874 -
325 830 435 893 Adnue
456 828 611 891 modicum
625 827 908 909 tempuscodiscnm
922 847 1009 902 snm;
1021 833 1113 895 velut
1125 833 1152 895 si
1167 833 1214 894 di-

73 939 164 994 ceret
184 931 307 994 frustra
326 931 413 1010 ipsos
434 951 502 993 esse
524 932 581 1010 qui
602 950 677 992 eum
704 931 826 994 vellent
840 932 1095 1011 apprehendere,
1108 952 1210 1013 quum

73 1034 142 1114 ipse
164 1034 267 1095 nollet
277 1052 288 1111 3
311 1051 345 1095 se
367 1033 451 1094 enim
473 1033 557 1095 inter
579 1051 633 1094 eos
654 1051 712 1095 sex
733 1033 830 1095 etiam
851 1050 975 1095 meuses
997 1052 1209 1113 mansurum,

73 1132 152 1215 quia
172 1135 312 1195 nondum
332 1143 460 1196 venerat
480 1134 558 1195 liora
579 1132 644 1195 eins
665 1154 696 1198 v.
728 1130 790 1210 30,
826 1143 895 1196 tum
916 1133 1128 1216 vcro'sponte
1153 1156 1212 1200 sua

73 1233 245 1308 aditurum,
267 1253 341 1295 nam
361 1235 483 1296 oblatus
493 1243 537 1296 est
546 1233 622 1314 qnia
641 1232 706 1314 ipse
726 1231 891 1315 notuisti).
906 1233 1025 1298 Confer
1040 1234 1087 1299 lo.
1103 1236 1145 1314 X,
1161 1235 1210 1302 13.

155 1355 186 1399 v.
208 1330 259 1400 34.
280 1334 324 1396 Et
344 1333 398 1396 nbi
418 1354 471 1415 epo
492 1354 573 1409 snm,
586 1336 618 1397 id
639 1342 699 1412 θεῖ,
722 1338 798 1416 quia
819 1334 874 1397 ndi
900 1355 954 1416 epo
978 1355 1057 1400 snm.
1073 1337 1213 1403 -Nota

74 1437 159 1499 illud
180 1455 248 1498 snm
271 1444 415 1516 tempore
437 1437 615 1516 praesenti,
639 1441 671 1498 et
692 1454 845 1516 compara
867 1456 941 1499 cum
976 1438 1077 1502 verbo
1108 1441 1189 1501 vodo
1200 1485 1212 1515 ,

75 1539 166 1618 quod
188 1539 290 1602 estin
311 1557 409 1602 versu
431 1539 613 1619 superiore,
636 1539 713 1600 item
735 1558 810 1601 cum
831 1537 879 1601 lo.
902 1536 993 1617 vill,
1016 1537 1068 1620 213
1085 1561 1127 1603 ex
1148 1561 1214 1622 quo

73 1641 151 1702 loco
172 1639 331 1718 intelliges
353 1658 485 1718 quoquo
507 1639 584 1717 quid
607 1636 754 1701 Christus
769 1639 998 1718 significaverit
1018 1648 1087 1703 tum
1108 1644 1215 1708 verbis

75 1759 142 1801 nan
162 1737 342 1812 invenietis,
353 1747 423 1800 tum
444 1740 551 1802 verbis
573 1757 637 1799 non
653 1736 783 1817 potestis
804 1738 910 1800 venire
913 1759 929 1812 ;
945 1740 1113 1804 illudendo
1134 1746 1214 1807 haec

76 1842 185 1903 dicere
207 1839 354 1902 Christus
375 1840 518 1915 videtur,
535 1846 573 1901 ut
593 1858 704 1900 scusus
718 1840 770 1900 sit:
788 1837 884 1903 Nunc
904 1858 955 1902 me
977 1842 1145 1922 quaeritis3
1161 1863 1217 1908 ve-

78 1959 156 2003 rum
177 1945 210 2002 et
230 1941 309 2003 alias
330 1941 394 2003 alia
416 1940 540 2003 rationo
563 1941 738 2020 quaeretis,
761 1941 816 2002 sed
838 1941 972 2003 trustra.

150 2062 182 2106 v.
203 2039 254 2106 35.
278 2042 319 2104 In
345 2041 567 2122 dispersionem
589 2039 736 2104 Gentium
751 2039 796 2122 εἷς
807 2064 865 2122 την
878 2041 1056 2145 διασποραν
1072 2065 1132 2114 των
1141 2042 1217 2116 Ἑλ-

78 2146 196 2225 Mean,
212 2148 274 2211 hoc
295 2152 355 2224 θεῖ,
372 2151 412 2212 ad
434 2148 571 2211 ludaeos
593 2150 650 2228 qui
670 2149 755 2213 inter
775 2151 854 2212 alias
877 2160 985 2230 gentes
1008 2151 1143 2231 dispersi
1163 2153 1218 2215 de-

78 2255 204 2333 gebant.
227 2250 347 2315 Conler
369 2250 433 2314 lac.
459 2249 485 2329 Ι,
508 2249 540 2331 15
563 2250 577 2312 l
600 2250 669 2313 Pet.
694 2249 720 2328 l,
743 2248 773 2314 1.

158 2373 190 2418 v.
202 2351 252 2417 37.
268 2353 329 2416 Hic
344 2353 410 2415 dies
425 2360 559 2415 octavus
571 2359 642 2415 erat
651 2353 872 2432 scenopegiae,
885 2351 1044 2414 secundus
1056 2357 1090 2413 et
1102 2351 1216 2415 vicesi-

75 2475 149 2519 mus
169 2456 285 2518 mensis
307 2454 389 2532 tisri,
403 2455 460 2534 qui
475 2455 541 2517 dies
553 2455 610 2516 illo
632 2473 715 2516 anno
736 2454 847 2517 incidit
866 2455 899 2515 in
921 2455 1004 2516 diem
1025 2449 1066 2518 29
1078 2459 1217 2533 septem-

77 2559 156 2621 bris.
177 2556 390 2631 Hierusalem,
398 2556 741 2638 inquitHieronymus‚
752 2554 921 2636 penuriam
930 2553 1057 2635 patitur
1070 2554 1154 2629 sitis,
1169 2553 1217 2617 ita

77 2667 115 2721 ut
134 2657 315 2722 caelestibus
335 2667 445 2720 utatur
460 2656 596 2737 pinciis,
612 2666 640 2718 et
659 2656 827 2720 raritatem
848 2656 983 2738 sontium
1011 2655 1220 2718 cisternarum

81 2759 292 2824 exstructione
313 2762 430 2822 sotetnr
451 2758 504 2840 (2).
528 2759 593 2823 Has
614 2759 742 2840 pluvias
763 2758 903 2821 Iudaoia
918 2757 987 2821 Deo
998 2759 1150 2839 petebant
1170 2759 1220 2821 dic

81 2867 199 2925 octavo
220 2861 438 2940 scenopegiae.
455 2858 538 2921 Hinc
560 2860 686 2921 occasio
709 2856 837 2922 Christo
859 2859 966 2921 oblata
982 2859 1062 2920 haec
1083 2858 1218 2920 dicendi.

81 2962 203 3027 Confer
222 2960 269 3025 Io.
287 2961 344 3038 lv,
359 2959 410 3027 10.
433 2958 483 3024 13.
506 2957 556 3027 lli.
571 2960 706 3036 —Quid
728 2963 769 3023 sit
782 2959 888 3022 venire
902 2961 944 3022 nd
962 2957 1130 3034 Christum,
1140 2961 1222 3022 dixi-

81 3083 155 3130 mus
174 3064 232 3126 ubi
252 3063 476 3126 enarravimus
498 3061 546 3125 lo.
569 3061 627 3139 vl,
648 3060 699 3127 35.
722 3060 761 3127 37
767 3085 778 3143 3
802 3062 890 3143 quod
911 3064 1091 3126 meminisse
1113 3082 1222 3126 neces-

82 3185 117 3228 se
137 3171 186 3229 est
206 3171 244 3227 ut
264 3166 362 3227 huius
384 3170 416 3227 et
436 3166 599 3243 sequentis
621 3184 735 3228 versus
755 3184 858 3228 nexus
879 3165 1107 3245 perspiciatur.

164 3286 196 3330 v.
219 3262 270 3330 38.
298 3261 360 3340 Qm'
383 3263 481 3327 credit
493 3264 530 3327 in
544 3284 603 3338 me,
620 3284 734 3345 graece
746 3259 784 3333 Ὀ
796 3284 946 3334 niernum
959 3261 1004 3344 εἷς
1016 3263 1072 3357 ἔμε
1091 3262 1222 3327 Orodem

83 3373 121 3436 in
139 3393 200 3448 me,
223 3376 439 3438 nominativus
461 3377 630 3437 absolutus
652 3376 719 3437 sine
740 3375 854 3452 vcrb03
871 3373 929 3452 qui
950 3377 998 3433 cst
1019 3371 1222 3433 hebraismus

83 3477 129 3538 ite
150 3477 358 3556 exponendus
380 3494 418 3539 ac
439 3478 465 3538 si
487 3477 609 3539 dictum
631 3482 725 3538 esset:
745 3472 836 3549 Qnod
857 3472 970 3535 attinet
988 3473 1032 3534 ’cd
1052 3472 1222 3533 credentem

83 3573 121 3637 in
141 3574 365 3638 me—Verba
385 3574 467 3637 sient
487 3574 566 3637 dicit
586 3574 745 3653 scriptura
766 3575 928 3654 pertinere
949 3577 1083 3654 possunt
1097 3570 1137 3632 ad
1151 3588 1223 3632 scn-

31 3727 32 3730 .
85 3677 219 3740 tentiam
241 3694 326 3756 quae
347 3676 509 3754 sequitur,
526 3676 586 3738 etsi
601 3678 680 3738 hacc
701 3675 856 3737 sententia
876 3675 925 3736 his
947 3673 1053 3737 vorbis
1068 3689 1222 3751 expressa

84 3775 118 3837 in
137 3773 308 3856 scripturis
329 3794 393 3838 non
413 3776 564 3855 legatur,
589 3795 691 3857 quum
727 3781 834 3837 tamon
867 3777 998 3854 legatur
1021 3770 1102 3834 illud
1134 3771 1222 3851 quod

86 3877 195 3941 statim
216 3875 350 3940 loannes
371 3897 428 3940 nos
449 3879 561 3942 docuit
582 3879 619 3942 iis
641 3879 751 3944 verbis
771 3877 959 3959 significari,
982 3875 1069 3937 datio
1090 3874 1222 3954 inquam

160 4089 386 4159 munuc

161 4180 472 4252 mnnmmm.
