2986 4912
168 316 228 383 tat
509 335 537 380 ta
560 333 965 380 ioauueucouummmtu

272 416 323 497 43
351 421 449 497 Haec
475 445 558 496 oum
585 422 767 507 dixisset,
795 445 883 496 voce
920 444 1050 518 magna
1093 423 1301 499 clamavit:

168 552 301 626 Lauare
330 552 414 625 veni
440 549 552 624 forae.

274 672 326 752 44
352 677 401 752 Et
427 677 555 751 statim
582 677 717 774 prodiit
744 676 806 774 qui
833 676 954 750 fuerat
969 691 1148 764 mortuus,
1162 678 1303 776 ligatus

166 803 352 902 pedeuet*
371 827 500 878 manus
527 803 676 885 iustitie,
704 818 742 878 et
769 801 880 876 facies
907 802 1004 877 illius
1032 805 1175 884 sudario
1219 819 1304 878 erat

167 932 291 1030 ligata.
320 931 421 1005 Dixit
449 933 500 1006 eis
528 932 642 1006 lesus:
672 929 809 1004 Solvite
836 953 935 1015 eum,
963 943 1002 1005 et
1029 932 1135 1007 sinite
1154 931 1271 1006 abire.

279 1053 329 1133 45
358 1057 462 1134 Multi
490 1083 576 1155 ergo
604 1083 650 1131 ex
678 1058 833 1142 ludaeis,
862 1062 923 1154 qui
950 1071 1125 1133 venerant
1151 1060 1197 1132 ad
1225 1056 1304 1132 Ma-

168 1188 273 1272 riam,
290 1200 327 1260 et
355 1184 549 1271 Mammam,
576 1199 615 1259 et
642 1187 808 1261 viderant
834 1208 927 1284 quae
955 1185 1043 1260 fecit
1071 1186 1189 1268 lesus,
1222 1210 1305 1260 ere-

137 1328 140 1338 '
170 1315 339 1389 diderunt
365 1314 401 1386 in
430 1336 528 1387 eum.

277 1436 328 1515 46
355 1440 511 1530 Quidam
538 1455 661 1515 autem
689 1465 736 1514 ex
759 1441 848 1538 ipsis
890 1441 1057 1517 abierunt
1083 1443 1128 1517 ad
1172 1441 1306 1515 Phari-

169 1593 287 1656 saeos,
313 1585 352 1643 et
379 1570 548 1643 dixerunt
575 1570 628 1649 eis
655 1593 747 1667 quae
777 1568 863 1643 feeit
890 1570 1005 1644 lesus.

276 1692 327 1771 47
355 1696 589 1795 Collegerunt
626 1722 712 1794 ergo
741 1697 934 1772 Pontifices
953 1711 992 1770 et
1009 1697 1197 1773 Pharisaei
1216 1722 1306 1772 oon-

171 1825 306 1911 cilium,
343 1839 381 1899 et
413 1825 594 1899 dicebant:
610 1807 704 1914 Quid
718 1825 887 1912 facimus,
904 1824 988 1922 quia
1003 1825 1061 1900 hie
1081 1827 1193 1899 homo
1206 1824 1305 1899 mul·

173 1969 211 2027 ta
250 1954 351 2052 signa
390 1950 514 2027 facit?

280 2076 331 2156 48
359 2081 396 2156 si
428 2082 646 2157 dimittimus
678 2105 762 2156 eum
805 2081 870 2167 sic,
908 2105 1035 2156 omues
1078 2082 1227 2157 credent
1270 2083 1308 2156 iu

174 2231 270 2285 eum:
299 2221 338 2283 et
370 2210 517 2284 venient
549 2209 718 2295 Romani,
751 2221 789 2284 et
822 2208 952 2284 tollent
970 2224 1137 2284 nostrum
1169 2208 1309 2296 lotum,

175 2353 213 2412 et
246 2351 408 2436 gentem.

282 2458 333 2538 49
354 2461 460 2538 'Vnus
493 2477 616 2540 autem
649 2490 695 2538 ex
728 2466 817 2564 ipsis
854 2467 1011 2564 Caiphae
1044 2467 1205 2552 nomine,
1223 2489 1308 2542 eum

176 2604 275 2666 esset
306 2591 470 2690 pontifex
490 2593 574 2665 anni
602 2593 713 2680 illius,
733 2594 825 2668 dixit
853 2595 927 2669 eis:
945 2592 1017 2668 Vos
1037 2594 1184 2669 nescitis
1203 2594 1334 2692 quid*

176 2743 307 2818 quam,
799 2698 803 2707 ¹

280 2843 333 2925 50
361 2872 428 2923 nee
463 2850 630 2946 cogitatis
658 2851 742 2948 quia
776 2851 924 2948 expedit
938 2850 1040 2925 vobis
1055 2861 1097 2924 ut
1110 2873 1207 2924 unus
1229 2873 1310 2924 mo-

178 2977 293 3049 riatur
323 2977 433 3050 homo
460 3001 526 3075 pro
557 2978 704 3076 populo,
735 2992 772 3054 et
808 3002 880 3051 nou
910 2992 985 3052 tota
1034 3001 1121 3075 gens
1163 2991 1309 3075 pereat.

283 3096 331 3176 51
363 3102 438 3177 Hoc
475 3117 598 3178 autem
627 3129 647 3178 a
681 3107 878 3202 semetipso
913 3130 984 3180 nou
1010 3107 1115 3180 dixit:
1137 3107 1201 3180 sed
1221 3130 1311 3180 oum

178 3242 277 3304 esset
307 3229 476 3306 Pontifex
503 3234 587 3306 anui
612 3233 749 3319 illius,
787 3235 1036 3332 prophetavit,
1066 3235 1160 3332 quod
1204 3234 1311 3309 lesus

179 3357 376 3433 moriturus
409 3371 488 3432 emt
520 3383 586 3457 pro
619 3373 755 3456 geute,

283 3480 334 3560 52
363 3496 402 3559 et
437 3510 509 3560 non
547 3499 692 3561 tautum
720 3511 786 3585 pro
815 3501 937 3584 gente,
957 3489 1021 3563 sed
1040 3503 1081 3563 ut
1105 3487 1200 3562 [ilios
1230 3488 1313 3576 Dei,

179 3614 240 3712 qui
269 3627 373 3687 erant
409 3614 576 3711 dispersi,
608 3596 844 3712 congregarat
874 3617 910 3688 iu
942 3640 1068 3690 unum.

284 3733 337 3814 53
367 3739 422 3813 Ab
455 3741 518 3814 ilio
556 3766 641 3838 ergo
670 3744 727 3816 die
761 3745 1013 3841 cogitaverunt
1041 3757 1082 3818 ut
1124 3744 1317 3821 interfice·-

180 3879 391 3945 rent-eum.

284 3990 337 4072 54
377 3996 478 4071 lesus
520 4020 606 4094 ergo
646 3999 718 4072 iam
755 4023 828 4073 non
873 3999 910 4072 in
942 3998 1062 4096 palam
1100 3996 1318 4075 ambulabat

180 4123 274 4224 apud
304 4124 471 4214 ludaeos,
504 4127 567 4202 sed
597 4126 686 4202 abiit
714 4128 750 4200 io
783 4128 969 4226 regionem
988 4127 1090 4206 iuxta
1109 4128 1316 4217 desertum,
