2986 4912
168 270 209 340 20
516 285 546 332 m
568 283 704 331 ioannes
726 281 975 329 coanrnmmvn

170 372 366 453 baptismum
388 371 575 434 coniicimus
603 388 645 431 cx
666 387 727 445 eo,
751 368 838 446 qnod
866 374 1020 431 neutrum
1041 372 1111 434 veri
1136 372 1239 435 simile
1260 373 1311 435 vi-

171 476 308 551 deatur,
329 492 388 535 nec
409 472 586 553 Baptistam
611 476 683 551 post
717 475 886 550 acceptum
907 471 989 532 illud
1011 472 1156 552 signum,
1180 475 1242 535 hoc
1261 481 1315 537 est

173 582 245 657 post
266 576 373 639 visum
395 571 550 654 Spiritum
571 578 718 635 sanctum
738 572 982 634 descendentem
1000 592 1099 654 super
1113 573 1234 651 lesum,
1250 596 1317 638 suo

174 695 309 739 munere
332 677 422 756 iungi
443 676 617 751 distulisse,
639 692 698 735 nec
717 673 945 752 evangelistam
966 674 1028 735 hec
1042 672 1204 755 Baptistae
1224 678 1318 740 testi-

175 778 318 840 monium
340 795 378 839 ea
399 777 566 838 occasione
582 775 693 836 datum
708 774 833 835 referre
854 773 1013 849 omisisse,
1036 781 1149 837 contra
1179 795 1217 837 ac
1237 795 1319 856 pro-

175 878 316 957 positum
336 896 434 939 suum
455 878 610 956 exigeret.
634 874 725 938 Adde
746 876 845 956 quod,
862 895 965 955 quum
986 876 1047 938 hoc
1063 877 1205 939 alterum
1227 879 1318 941 testi-

176 979 320 1040 monium
351 979 474 1040 dictum
493 978 535 1040 sit
556 975 684 1040 Christo
705 982 886 1057 praesente,
908 977 968 1038 nisi
991 978 1099 1039 statim
1119 985 1192 1057 post
1211 979 1317 1058 bapti-

176 1098 281 1141 smum
303 1079 424 1141 dictum
446 1080 570 1154 luisset,
593 1079 655 1139 dici
675 1097 739 1139 non
760 1078 918 1159 potuisset
937 1078 996 1139 nisi
1010 1084 1083 1157 post
1100 1080 1317 1158 quadraginta

178 1181 264 1258 dies,
286 1199 389 1260 quum
410 1178 500 1243 lesus
522 1181 628 1242 denno
649 1180 689 1241 ad
710 1179 887 1260 Baptistam
912 1180 1029 1242 redivit
1048 1185 1121 1259 post
1144 1180 1316 1259 ieiunium3

178 1278 286 1341 statim
307 1281 392 1341 enim
412 1286 486 1360 post
505 1280 662 1361 baptisma
683 1279 813 1342 secessit
833 1279 865 1340 in
886 1279 1015 1341 deserta
1027 1276 1232 1360 (ll.Baptista
1246 1298 1321 1341 mu·

179 1399 257 1442 nere
278 1398 338 1442 suo
362 1380 451 1460 iungi
472 1381 579 1461 coepit
597 1399 661 1442 non
681 1386 755 1442 ante
776 1379 918 1441 medium
938 1398 1080 1441 mensem
1104 1381 1321 1459 septembrem

180 1500 232 1542 an.
255 1499 323 1542 aer.
346 1481 436 1559 vulg.
458 1478 498 1544 25
520 1479 573 1560 (2).
592 1479 739 1544 Christus
760 1482 801 1542 ab
822 1501 860 1544 eo
875 1481 993 1542 tinctus
1013 1486 1062 1542 est
1078 1481 1161 1541 intra
1177 1481 1321 1542 medium

181 1599 323 1647 mensem
343 1583 510 1644 octobrem
531 1582 739 1661 mediumque
755 1582 958 1643 decembrem
971 1579 1024 1661 (3).
1038 1579 1183 1659 Legatio,
1200 1581 1239 1642 de
1254 1600 1321 1659 qua

182 1683 213 1742 in
235 1701 288 1745 vv.
311 1680 361 1747 19.
384 1680 436 1758 Blt,
459 1683 554 1745 missa
576 1689 625 1745 est
644 1689 717 1763 post
738 1680 858 1745 Christi
878 1683 1093 1762 baptismum,
1116 1682 1204 1760 quod
1230 1683 1325 1744 colli-

184 1783 287 1862 gimus
308 1803 350 1845 ex
371 1804 403 1848 v.
425 1782 475 1848 26.
499 1783 578 1848 Veri
598 1785 701 1846 simile
715 1803 779 1846 non
793 1790 841 1847 est
855 1783 1053 1867 synedrium,
1069 1792 1143 1863 post
1156 1790 1323 1863 acceptam

183 1883 331 1945 notitiam
353 1884 391 1947 de
412 1884 567 1967 Baptista,
590 1886 647 1947 diu
668 1886 829 1947 distulisse
854 1886 936 1947 hanc
960 1885 1155 1964 legationem
1179 1886 1321 1947 mittere.

185 1983 284 2048 Missa
305 1998 383 2064 ergo
404 1993 453 2048 est
472 1987 585 2066 paullo
605 1993 679 2067 post
699 1984 819 2049 Christi
836 1986 1044 2067 baptismum,
1060 2005 1163 2064 quum
1182 1986 1208 2047 is
1223 1985 1256 2045 in
1269 1985 1327 2047 dc-

186 2087 280 2149 sertis
300 2093 497 2151 moraretur.
521 2087 632 2164 Quare
654 2094 857 2168 compertum
877 2093 927 2150 est
945 2087 1074 2167 quando
1095 2085 1239 2167 Baptista
1261 2092 1327 2148 ter-

188 2188 270 2250 tium
291 2193 324 2250 ct
340 2193 497 2267 quartum
512 2189 729 2252 testimonium
744 2187 872 2252 Christo
887 2188 1023 2249 dederit.
1041 2186 1204 2263 Quartum
1219 2194 1327 2250 tamen

188 2307 253 2350 non
273 2293 347 2350 ante
373 2287 657 2367 quadragesimum
685 2293 949 2368 postremumque
980 2288 1064 2348 diem
1092 2307 1158 2366 quo
1180 2284 1330 2350 Christus

190 2390 307 2451 mansit
326 2389 358 2450 in
378 2388 528 2465 desertis,
552 2408 626 2450 nam
650 2390 800 2468 quintum
826 2389 937 2451 datum
963 2395 1012 2450 cst
1030 2386 1201 2468 postridie,
1224 2408 1328 2468 quum

191 2486 273 2550 uidit
296 2487 432 2550 Ioannes
455 2489 558 2550 Iesum
582 2488 755 2550 venientem
768 2490 858 2550 adse
878 2486 939 2568 (d),
960 2507 1037 2567 ergo
1058 2507 1161 2567 quum
1186 2489 1211 2550 is
1233 2507 1251 2550 e
1276 2489 1331 2550 de-

192 2591 288 2654 sertis
306 2598 494 2654 recesserat.
512 2590 648 2655 Sextum
669 2593 781 2655 datum
802 2598 850 2654 est
870 2592 984 2653 eodem
1005 2591 1056 2652 die
1078 2610 1143 2669 que
1165 2591 1329 2670 quintum3

193 2712 268 2754 nam
282 2694 454 2772 septimum
468 2695 580 2756 datum
595 2701 643 2757 est
656 2692 746 2756 tertio
762 2694 812 2756 die
822 2691 862 2774 (5)
875 2738 884 2770 ,
895 2692 1023 2756 Christo
1038 2699 1218 2773 praesente.
1235 2691 1332 2754 Octa-

196 2811 274 2856 vum
295 2792 434 2871 denique
455 2794 674 2855 testimonium
696 2793 810 2855 datum
830 2791 992 2855 Christoa
1013 2790 1131 2854 loanne
1152 2798 1200 2854 est
1219 2792 1332 2871 aliquo

199 2899 344 2972 tempore
365 2898 438 2972 post
458 2894 576 2973 paseha
601 2894 675 2954 anni
702 2911 769 2956 aer.
802 2893 890 2971 vulg.
919 2889 977 2967 26,
1006 2891 1062 2954 sed
1088 2898 1162 2954 ante
1190 2910 1333 2953 mensem

197 2991 401 3054 decembrem
414 2989 467 3070 (6).

277 3111 332 3156 vv.
353 3089 394 3156 19
413 3125 428 3136 -
449 3091 500 3156 23.
524 3091 671 3157 Tertium
697 3093 915 3157 testimoninm
941 3088 1070 3154 Christo
1096 3091 1208 3154 datum
1232 3110 1251 3152 a
1276 3089 1339 3152 Ba-

199 3194 306 3273 ptista.
336 3192 493 3274 Propheta
521 3190 714 3291 ὁπροφητης
744 3193 802 3267 (tt
820 3195 945 3274 profeta
958 3193 976 3273 )
1018 3213 1082 3255 non
1115 3194 1199 3256 alius
1237 3211 1336 3272 quam

203 3298 335 3364 Messias
356 3308 414 3364 est.
438 3301 548 3364 Primo
568 3321 632 3363 non
653 3302 736 3364 alins
756 3303 915 3382 propheta
936 3299 1196 3380 exspectabatur.
1220 3295 1342 3360 Secun-

204 3403 245 3464 do
266 3400 429 3480 Messium,
453 3422 552 3482 quem
572 3403 814 3483 exspectabant,
836 3400 949 3465 Iudaei
969 3403 1030 3464 hac
1050 3400 1266 3482 appellatione
1288 3398 1345 3460 de-

284 3597 324 3667 (1)
342 3601 425 3652 blare.
447 3598 469 3666 1,
491 3598 534 3648 12.

284 3691 321 3758 (2)
347 3688 447 3744 Patris.
462 3692 500 3740 lle
523 3689 646 3754 Evangel.
670 3690 699 3739 L.
725 3689 771 3738 ΙΙΙ.
792 3690 857 3743 [tiss.
881 3687 976 3740 Xhlll.
998 3705 1043 3740 nn.
1064 3689 1128 3738 2-8.

285 3783 321 3851 (3)
344 3785 384 3834 lb.
405 3785 472 3834 Diss.
496 3783 603 3835 xcvii.
627 3797 672 3832 nn.
693 3781 783 3832 4-11.

286 3875 321 3943 (l)
344 3876 384 3926 lo.
406 3876 428 3944 1,
450 3874 495 3925 29.

289 3967 324 4035 (5)
347 3969 386 4021 lb.
408 3967 452 4018 35.

288 4061 325 4130 (6)
350 4061 449 4115 Putrit.
472 4063 510 4114 lle
534 4061 658 4127 Evangel.
679 4063 708 4114 L.
733 4061 782 4113 m.
807 4063 872 4114 Biss.
899 4060 994 4113 XLlll.
1012 4075 1055 4112 nn.
1078 4059 1162 4111 t-tl.
