2986 4912
294 331 357 402 llB
634 356 667 403 m
688 355 827 403 reims!
846 355 1100 405 conranni!

302 439 425 516 qunti
444 440 592 520 praebita
612 439 745 505 Christo
769 442 908 504 fortasse
927 452 978 505 est
996 463 1018 506 e
1035 442 1215 508 liminibus
1238 444 1364 525 quibus
1387 463 1445 527 per

302 538 373 601 dia
392 541 604 621 mopegiae
624 547 695 604 tota
713 542 795 605 urbs
813 543 1047 604 illustrabatur
1059 541 1118 623 (l).

384 660 418 703 v.
439 638 491 705 13.
513 641 543 704 Ε
563 640 684 706 Christi
704 645 914 724 responsione
935 644 1146 724 intelligimus
1160 663 1180 706 a
1194 643 1381 708 Plurisaeis
1400 647 1447 708 al-

304 744 415 804 terum
433 743 604 805 exaltem
627 743 768 820 adduci,
800 745 941 807 mendax
970 764 1041 807 esse
1071 743 1193 808 Christi
1224 747 1445 809 testimonium

304 842 383 922 quia
402 842 444 904 de
463 862 498 904 se
519 844 587 922 ipse
608 845 800 905 testabatur.

385 963 418 1006 v.
438 941 490 1009 11.
513 943 663 1008 Christus
683 946 764 1006 illud
786 963 972 1008 connexum
992 947 1118 1008 relutat
1136 947 1347 1027 ostenditque
1367 949 1448 1011 altc-

303 1061 380 1106 rum
399 1063 444 1106 ex
463 1045 570 1107 altero
589 1064 654 1107 uon
674 1045 769 1107 effici.
792 1045 911 1122 Ratio,
925 1065 1025 1124 quam
1046 1047 1197 1109 Christus
1214 1048 1364 1124 subiicit,
1381 1049 1447 1129 pri-

303 1164 357 1208 ma
377 1147 485 1226 specie
505 1165 569 1208 uon
589 1148 668 1208 satis
694 1148 784 1209 claro
810 1154 909 1228 patet.
931 1146 993 1211 Sed
1016 1167 1093 1210 mox
1113 1140 1237 1229 patebit
1258 1150 1318 1211 ubi
1345 1151 1447 1212 auim-

302 1247 455 1309 adrertas
475 1248 525 1309 his
548 1249 654 1310 verbis
675 1267 823 1310 caussam
844 1251 976 1330 exponi,
992 1268 1057 1311 non
1076 1268 1139 1312 cur
1165 1269 1216 1312 res
1243 1251 1289 1312 ita
1308 1251 1366 1328 sit,
1388 1253 1443 1314 sed

303 1367 366 1410 cur
385 1346 535 1412 Christus
555 1350 719 1412 affirmare
739 1358 838 1430 queat
860 1371 929 1413 rem
951 1353 996 1413 ita
1016 1371 1108 1427 esse,
1129 1371 1199 1431 quo
1216 1353 1314 1414 simul
1337 1360 1444 1416 osten

303 1449 416 1525 ditur,
438 1451 526 1530 quod
548 1451 710 1528 affirmat,
733 1473 849 1515 rerum
876 1473 957 1515 esse.
984 1451 1147 1514 Sententia
1168 1473 1248 1531 ergo
1269 1456 1352 1516 baec
1371 1464 1440 1517 est:

305 1545 393 1623 Quia
411 1549 477 1610 scio
496 1552 580 1611 unde
599 1550 691 1612 venio
711 1561 821 1632 ecquo
841 1554 943 1624 codo,
964 1554 1055 1631 quia,
1076 1554 1221 1631 inquam,
1242 1555 1311 1616 scio
1338 1553 1442 1618 Deum

302 1667 374 1711 esse
394 1669 436 1712 cx
456 1670 524 1730 quo
544 1671 617 1714 sum
643 1660 676 1714 ct
699 1653 739 1713 ad
761 1673 859 1732 quem
880 1654 965 1714 rado
977 1656 1019 1729 (ι’)
1032 1696 1043 1729 ,
1058 1660 1090 1716 ot
1112 1674 1175 1729 me,
1189 1657 1310 1734 quippe
1324 1657 1384 1735 qui
1401 1675 1441 1719 ex

302 1747 373 1813 Deo
392 1753 467 1827 sim,
489 1755 619 1815 mentiri
639 1772 703 1816 non
730 1773 840 1834 posse,
863 1774 923 1834 pro
955 1762 1046 1817 certo
1076 1756 1240 1818 affirmare
1270 1757 1357 1818 illud
1387 1759 1442 1819 ha-

303 1850 377 1926 bco,
391 1853 492 1932 quod,
514 1852 573 1914 ctsr'
591 1872 646 1933 eqo
666 1852 879 1914 testimonium
902 1853 1049 1933 perhibeo
1069 1857 1106 1916 dc
1129 1874 1176 1916 me
1199 1855 1287 1935 ipso,
1307 1856 1443 1920 testimo

301 1950 393 2015 nium
412 1960 519 2018 tamen
539 1974 641 2016 neum
659 1974 768 2016 rerum
787 1964 842 2016 est.
864 1953 920 2016 Vos
933 1965 1037 2017 cutem
1050 1963 1224 2036 propterea
1244 1957 1277 2018 id
1296 1961 1439 2038 negatis,

301 2055 379 2134 quia
398 2055 527 2117 nescitis
546 2058 630 2116 unde
650 2053 743 2116 renio
762 2066 819 2116 aot
838 2076 899 2136 quo
918 2059 1011 2117 codo.

380 2175 414 2219 v.
435 2155 486 2221 15.
509 2157 626 2238 Neque
651 2157 774 2219 mirum
803 2164 853 2219 ost
883 2176 988 2220 meam
1017 2157 1176 2237 originem
1205 2157 1440 2240 incompertam

301 2259 395 2325 vobis
414 2279 507 2338 esse,
538 2261 597 2340 qui
617 2278 679 2340 pro
700 2261 810 2340 pravis
830 2260 928 2320 animi
953 2260 1056 2322 vostri
1083 2259 1254 2322 affectibus
1282 2261 1440 2326 iudicium

302 2361 417 2424 facitis.
434 2359 494 2424 Ast
514 2379 575 2440 ego
595 2379 659 2423 non
680 2361 835 2440 itomjeqo
855 2380 921 2421 raon
942 2359 1049 2420 iudico
1069 2379 1254 2441 quemquam
1269 2364 1440 2425 erundum

301 2482 439 2525 carrum.
461 2462 611 2528 Christus
631 2464 665 2524 iu
685 2482 718 2526 v.
733 2459 775 2527 11
794 2481 943 2525 caussam
963 2469 1141 2542 aperuerat
1160 2481 1224 2525 cur
1241 2463 1310 2545 ipse
1331 2466 1441 2545 quiret

300 2581 374 2626 eam
394 2582 465 2626 rem
484 2562 649 2626 affirmare
668 2581 768 2642 quam
788 2561 902 2625 ludaei
921 2571 1133 2642 negaverant,
1141 2582 1257 2626 caussa
1271 2571 1385 2628 autem
1404 2585 1440 2629 ca

300 2673 374 2730 orat
393 2686 437 2730 cx
455 2684 522 2746 qua
542 2667 640 2728 simul
661 2665 878 2745 colligebatur
898 2683 1011 2727 veram
1032 2683 1102 2727 esso
1122 2665 1225 2745 ipsam
1247 2684 1318 2727 rem
1340 2686 1438 2747 quam

300 2769 369 2850 ipse
388 2763 679 2830 affirmabat—ln
700 2767 762 2828 hoc
783 2785 882 2829 versu
905 2766 1052 2827 transitio
1065 2765 1226 2844 quaedam
1240 2767 1346 2828 estad
1365 2787 1440 2848 pro-

302 2871 425 2933 ximam
444 2886 614 2945 caussam,
646 2886 708 2930 eur
728 2869 809 2930 haec
829 2868 897 2948 ipsa
919 2885 971 2929 res
992 2875 1133 2947 nequeat
1152 2886 1217 2929 nou
1240 2886 1321 2931 rora
1346 2886 1436 2945 esso,

300 2969 520 3054 aperiendam.

380 3091 414 3137 v.
435 3070 487 3137 16.
509 3069 599 3135 Haec
618 3088 733 3134 caussa
754 3070 925 3151 aperitur,
957 3088 1019 3132 cur
1039 3068 1160 3134 Christi
1179 3069 1352 3147 iudicium,
1364 3090 1438 3151 pro-

300 3180 480 3256 ptereaque
500 3179 534 3236 et
553 3172 785 3247 testimonium,
801 3179 944 3250 nequeat
963 3189 1028 3232 nou
1048 3190 1165 3234 rerum
1185 3190 1268 3251 esse3
1283 3172 1436 3237 nimirum

300 3294 405 3338 uuum
424 3280 525 3354 atque
544 3273 631 3336 idem
651 3278 701 3336 est
720 3272 821 3352 ipsius
841 3271 961 3335 Christi
981 3290 1020 3335 ac
1040 3273 1142 3351 patris
1161 3265 1331 3335 iudicium.
1352 3272 1436 3339 Nota

301 3376 468 3442 Christum
488 3394 554 3438 una
574 3394 650 3438 cum
669 3372 740 3436 lloo
760 3373 918 3436 iudicium
938 3373 1107 3436 serentem.

379 3498 435 3546 vv.
448 3476 499 3543 17.
514 3476 566 3543 18.
582 3475 768 3553 Conclusio,
790 3496 857 3556 qua
871 3475 1021 3540 Christus
1034 3476 1219 3540 confectum
1233 3477 1332 3539 habet
1349 3477 1436 3556 quod

299 3578 413 3642 ludaei
432 3579 466 3640 in
486 3598 519 3643 v.
539 3576 581 3642 13
600 3583 808 3657 negaverant.
819 3575 1102 3640 -Auimadverte
1116 3583 1155 3637 ut
1167 3576 1240 3657 pari
1252 3577 1328 3638 loco
1344 3574 1436 3640 Chri·

298 3683 369 3744 stus
388 3697 486 3743 suum
506 3698 545 3741 ac
565 3678 668 3759 patris
689 3678 909 3739 testimonium
928 3683 1037 3759 ponat.

379 3798 412 3844 v.
434 3777 486 3846 19.
515 3778 633 3842 Priora
661 3776 782 3841 Christi
808 3779 909 3840 verba
939 3778 986 3840 ita
1017 3776 1184 3858 intelligo,
1217 3776 1321 3840 veluti
1352 3776 1382 3839 si
1410 3775 1435 3839 ii

300 3881 454 3946 dixisset:
478 3878 590 3958 Quum
610 3898 663 3942 me
683 3880 853 3957 nesciatis,
878 3897 985 3960 neque
1005 3884 1133 3961 patrem
1152 3895 1285 3955 meum,
1310 3877 1344 3940 id
1365 3883 1434 3954 cst,

369 4088 407 4163 (t)
424 4091 507 4144 Succa
519 4093 552 4145 V.
571 4091 598 4141 2.

368 4179 404 4250 (2)
421 4182 517 4239 Confer
535 4197 581 4238 vr.
600 4181 642 4234 tc.
662 4180 705 4233 ts.
