2986 4912
650 310 753 357 earvr
776 312 882 359 nonen
1290 298 1348 367 111

282 414 312 458 v.
334 391 384 460 34.
409 393 550 457 Poenam
572 395 612 457 de
632 397 760 459 homine
782 402 950 478 ceperunt,
975 398 1014 461 de
1036 417 1101 479 qua
1121 387 1220 480 supra
1242 420 1273 464 v.
1297 401 1338 466 22

200 494 404 558 dictumest.

278 614 331 658 vv.
353 592 472 658 35-37.
497 594 668 657 Hominem
690 597 797 658 animo
822 598 903 659 hene
920 599 1134 678 compositum
1156 608 1189 663 et
1209 620 1338 684 eompa-

196 702 306 760 ratunr
328 694 475 759 Christus
497 704 609 777 aperte
631 698 726 760 docet
746 718 780 760 se
801 697 861 760 Dei
877 698 981 761 tilium
1002 718 1081 762 esse.
1099 710 1185 776 Nota
1204 700 1345 796 ἔμφασιν

197 803 290 866 verbi
310 801 433 875 vidisti,
454 804 516 866 hoc
537 811 599 881 est,
623 805 696 868 visu
716 812 848 886 recepto
870 807 979 869 videre
1001 808 1145 887 potuisti.

277 926 309 969 v.
331 903 381 969 38.
404 905 474 969 Hae
495 907 527 967 in
548 927 584 970 re
607 906 755 971 Christus
776 927 810 970 se
832 907 930 970 talem
952 910 1094 987 exhibet,
1119 913 1249 990 qualem
1270 931 1338 975 esse

193 1007 324 1070 dixerat
345 1026 448 1086 quum
468 1008 593 1070 homini
614 1009 721 1072 visum
736 1009 910 1072 restituere
924 1010 1062 1074 instituit
1076 1031 1107 1074 v.
1124 1009 1157 1085 5,
1171 1013 1337 1093 huiusque

194 1109 295 1171 menti
315 1109 427 1172 lumen
449 1109 586 1172 aliundit
607 1129 685 1190 quo,
709 1128 794 1191 quae
815 1110 883 1190 ipse
905 1110 944 1173 de
958 1131 992 1174 se
1007 1131 1082 1174 eum
1098 1112 1205 1191 docet,
1221 1115 1247 1176 is
1262 1134 1336 1179 eon-

194 1211 287 1274 tinuo
309 1211 431 1274 credat.
445 1211 581 1276 —Nota
603 1211 716 1274 loanni
731 1211 885 1274 usitatam
900 1214 1125 1276 narrationum
1139 1217 1333 1280 clausulam.

274 1331 306 1374 v.
329 1309 380 1376 39.
402 1311 642 1377 Documentum
664 1319 796 1394 captum
817 1333 860 1376 ex
891 1333 930 1376 eo
962 1314 1179 1394 quodmodo
1211 1317 1333 1381 tactum

192 1411 315 1477 luerat.
340 1411 489 1478 Christus
509 1414 592 1476 illud
614 1414 713 1475 tradit
733 1414 826 1477 velut
840 1415 998 1494 aenigma,
1015 1416 1122 1478 verbis
1139 1417 1278 1480 indidem
1292 1419 1333 1480 ab

190 1533 230 1577 ea
252 1533 288 1577 re
309 1515 471 1578 translatis
482 1513 835 1596 immutatoque—Io
850 1514 1004 1578 iudicium
1020 1513 1067 1600 εἷς
1083 1541 1201 1620 κριμα,
1221 1521 1334 1584 videli-

190 1628 244 1684 cet
263 1623 304 1683 ad
332 1623 572 1685 diiudicandum
587 1628 620 1684 et
640 1621 811 1684 discrimen
825 1622 1087 1685 constituendum
1102 1624 1187 1686 inter
1201 1630 1330 1688 utrum-

190 1742 255 1802 que
277 1743 376 1804 genus
397 1725 575 1787 hominum.
593 1722 741 1786 Primum
756 1742 855 1804 genus
870 1728 918 1786 cst
933 1742 1049 1787 corum
1064 1725 1132 1804 qui,
1149 1745 1233 1806 quae
1247 1730 1330 1791 scire

189 1832 332 1907 oportet,
355 1831 529 1907 propterea
550 1827 707 1901 nesciunt,
731 1826 807 1904 quia
827 1844 921 1887 nemo
943 1844 998 1888 eos
1020 1825 1142 1901 docuit,
1164 1833 1263 1906 atque
1284 1831 1328 1892 ita

188 1934 227 1991 ut
247 1927 357 1990 doceri
377 1928 465 1990 haud
486 1927 660 2007 refugiant,
683 1928 794 2006 itaque
814 1945 879 1988 non
899 1946 958 1989 sua
980 1928 1088 2008 culpa.
1102 1993 1104 1997 ,
1117 1927 1326 1993 Contrarium

187 2030 286 2092 huius
308 2035 356 2092 est
377 2030 517 2092 alterum
539 2047 650 2109 genus,
674 2029 746 2109 qui,
771 2047 855 2109 quae
878 2029 1014 2090 audiunt
1035 2035 1133 2108 atque
1155 2029 1324 2110 docentur,

186 2149 247 2193 uec
267 2130 378 2193 doceri
397 2149 503 2210 neque
525 2130 638 2191 audire
660 2131 792 2192 vellent.
816 2127 896 2192 Illos
918 2125 1068 2192 Christus
1082 2130 1240 2211 praedicit
1254 2131 1324 2195 lore

186 2239 226 2295 ut
245 2231 320 2295 tidei
339 2232 451 2294 lumen
470 2231 626 2306 illustret,
649 2231 707 2292 hos
729 2248 828 2307 vero,
852 2230 970 2310 quippe
991 2229 1078 2292 istud
1098 2230 1210 2292 lumen
1230 2250 1324 2295 aver-

183 2339 294 2410 satos,
316 2343 355 2397 ut
375 2333 528 2395 tenebrae
549 2333 697 2394 habeant.
722 2329 812 2393 Hanc
833 2330 931 2393 huius
953 2331 1139 2409 aenigmatis
1164 2332 1324 2414 interpre-

184 2434 339 2496 tationem
361 2453 398 2496 ea
420 2432 612 2496 confirmant
633 2451 718 2512 quae
739 2432 866 2494 suntin
888 2450 942 2494 vv.
965 2426 1005 2498 td
1025 2439 1058 2494 et
1077 2428 1128 2497 11.

265 2556 296 2599 v.
319 2530 370 2602 10.
394 2533 571 2611 Pharisaei,
592 2534 648 2613 qui
669 2533 965 2595 animadverterant
986 2529 1153 2596 Christum
1173 2550 1269 2615 saepe
1289 2535 1321 2597 id

181 2657 280 2719 agero
300 2643 339 2700 ut
358 2637 442 2717 ipsos
464 2636 678 2716 redargueret
707 2634 928 2714 doceretque,
962 2622 1122 2714 putarunt
1145 2653 1179 2697 se
1210 2637 1250 2697 ab
1282 2656 1321 2700 eo

181 2739 286 2821 priori
305 2738 473 2801 hominnm
495 2737 603 2816 generi
624 2735 853 2814 annumerari3

261 2858 293 2902 r.
317 2837 367 2904 at.
391 2839 447 2901 sed
469 2837 540 2899 talsi
562 2841 646 2899 sunt.
670 2835 810 2911 Etenim,
834 2835 938 2913 inquit
952 2831 1112 2910 Christus,
1128 2833 1157 2894 si
1171 2834 1257 2909 caeci
1275 2855 1320 2898 cs·

179 2938 253 3001 sctis
273 2940 378 3018 deque
399 2939 504 3019 primo
524 2938 583 3000 illo
604 2936 773 2999 hominum
795 2953 911 3015 genere
933 2954 964 2996 v.
986 2931 1045 3011 39,
1075 2954 1139 2995 non
1168 2935 1319 2999 haberetis

173 3049 352 3121 peecatum,
362 3059 425 3103 non
445 3039 561 3119 culpae
581 3038 672 3101 vohis
693 3037 879 3100 huiusmodi
897 3036 1034 3099 caecitas
1049 3037 1203 3098 vertenda
1219 3037 1315 3102 loret.

177 3141 274 3207 Nunc
294 3162 367 3204 cero
389 3139 517 3203 dic-itis:
543 3138 627 3215 Quia
647 3138 788 3200 videmus
800 3157 817 3211 ;
843 3138 869 3200 si
890 3139 934 3199 ita
956 3141 1026 3214 est,
1048 3142 1165 3218 'neque
1186 3144 1313 3217 tamen,

179 3261 266 3324 quae
286 3243 397 3306 videre
419 3241 574 3318 fatemini,
597 3241 745 3320 accipere
759 3258 819 3302 nec
834 3239 968 3301 credere
982 3239 1094 3315 vultis,
1111 3246 1222 3303 vestro
1236 3241 1315 3304 vitio
1394 3268 1398 3275 ·

177 3346 266 3409 caeci
287 3346 358 3408 lieri
378 3344 502 3407 dicendi
524 3343 612 3417 estis,
636 3349 669 3404 et
689 3344 752 3405 hoc
767 3350 932 3420 peccalum
951 3349 1087 3402 cestrum
1108 3351 1222 3403 manet.

565 3515 918 3562 ww&
936 3546 938 3550 ,

589 3719 795 3764 Chl’l'l'
853 3716 876 3764 X

285 3952 320 4032 1.
339 3871 504 4044 Amen,
525 3976 630 4027 amen
658 3952 739 4026 dieo
766 3951 882 4025 vobis:
913 3950 975 4049 qui
1003 3972 1075 4023 non
1109 3949 1223 4025 intrat
1241 3972 1308 4047 per

172 4088 308 4182 ostium
337 4086 372 4157 in
401 4084 494 4159 ovile
523 4083 660 4171 ovium,
689 4081 753 4157 scd
781 4078 945 4154 aseendit
973 4073 1131 4154 aliunde:
1162 4075 1221 4151 ille
1249 4076 1307 4150 fur

170 4232 243 4308 est,
257 4230 297 4292 et
314 4217 420 4291 latro.
