<?xml version="1.0" encoding="UTF-8"?>
<!DOCTYPE html PUBLIC "-//W3C//DTD XHTML 1.0 Transitional//EN"
    "http://www.w3.org/TR/xhtml1/DTD/xhtml1-transitional.dtd">
<html xmlns="http://www.w3.org/1999/xhtml" xml:lang="en" lang="en">
 <head>
  <title>
</title>
<meta http-equiv="Content-Type" content="text/html;charset=utf-8" />
  <meta name='ocr-system' content='tesseract 3.04.00' />
  <meta name='ocr-capabilities' content='ocr_page ocr_carea ocr_par ocr_line ocrx_word'/>
</head>
<body>
  <div class='ocr_page' id='page_1' title='image "./franciscixaveri00patrgoog_0173.png"; bbox 0 0 2986 4912; ppageno 0'>
   <div class='ocr_carea' id='block_1_1' title="bbox 193 320 1335 527">
    <p class='ocr_par' dir='ltr' id='par_1_1' title="bbox 193 320 1322 527">
     <span class='ocr_line' id='line_1_1' title="bbox 193 320 981 390; baseline -0.003 0"><span class='ocrx_word' id='word_1_1' title='bbox 193 320 255 390; x_wconf 80' lang='lat'><strong>158</strong></span> <span class='ocrx_word' id='word_1_2' title='bbox 498 338 528 387; x_wconf 93' lang='grc' dir='ltr'><strong>ιιι</strong></span> <span class='ocrx_word' id='word_1_3' title='bbox 550 337 686 389; x_wconf 83' lang='lat' dir='ltr'><strong>rornnrrr</strong></span> <span class='ocrx_word' id='word_1_4' title='bbox 708 336 981 389; x_wconf 83' lang='lat' dir='ltr'><strong>counnnrrnrrrr-</strong></span> 
     </span>
     <span class='ocr_line' id='line_1_2' title="bbox 305 422 1335 527; baseline 0.003 -24"><span class='ocrx_word' id='word_1_5' title='bbox 305 422 358 503; x_wconf 90' lang='grc'><strong>22</strong></span> <span class='ocrx_word' id='word_1_6' title='bbox 385 425 716 527; x_wconf 70' lang='lat' dir='ltr'><strong>aspiciebantergo</strong></span> <span class='ocrx_word' id='word_1_7' title='bbox 730 427 776 503; x_wconf 91' lang='lat' dir='ltr'><strong>ad</strong></span> <span class='ocrx_word' id='word_1_8' title='bbox 790 427 946 504; x_wconf 81' lang='lat' dir='ltr'><strong>invicem</strong></span> <span class='ocrx_word' id='word_1_9' title='bbox 959 423 1138 525; x_wconf 90' lang='lat' dir='ltr'><strong>discipuli,</strong></span> <span class='ocrx_word' id='word_1_10' title='bbox 1151 427 1335 506; x_wconf 83' lang='lat' dir='ltr'><strong>haesitan-</strong></span> 
     </span>
    </p>
   </div>
   <div class='ocr_carea' id='block_1_2' title="bbox 200 555 1333 781">
    <p class='ocr_par' dir='ltr' id='par_1_2' title="bbox 200 555 1333 781">
     <span class='ocr_line' id='line_1_3' title="bbox 200 555 602 654; baseline 0.003 -24"><span class='ocrx_word' id='word_1_11' title='bbox 200 568 258 632; x_wconf 94' lang='lat' dir='ltr'><strong>tes</strong></span> <span class='ocrx_word' id='word_1_12' title='bbox 283 555 329 632; x_wconf 89' lang='lat' dir='ltr'><strong>de</strong></span> <span class='ocrx_word' id='word_1_13' title='bbox 355 579 427 654; x_wconf 90' lang='lat' dir='ltr'><strong>quc</strong></span> <span class='ocrx_word' id='word_1_14' title='bbox 453 555 602 632; x_wconf 90' lang='lat' dir='ltr'><strong>diceret.</strong></span> 
     </span>
     <span class='ocr_line' id='line_1_4' title="bbox 305 618 1333 781; baseline -0.009 -16"><span class='ocrx_word' id='word_1_15' title='bbox 305 680 358 765; x_wconf 99' lang='grc'><strong>23</strong></span> <span class='ocrx_word' id='word_1_16' title='bbox 385 686 476 760; x_wconf 82' lang='lat' dir='ltr'><strong>Erat</strong></span> <span class='ocrx_word' id='word_1_17' title='bbox 501 706 587 781; x_wconf 80' lang='lat' dir='ltr'><strong>ergo</strong></span> <span class='ocrx_word' id='word_1_18' title='bbox 613 680 829 757; x_wconf 81' lang='lat' dir='ltr'>recumbens</span> <span class='ocrx_word' id='word_1_19' title='bbox 862 659 959 756; x_wconf 88' lang='lat' dir='ltr'><strong>unus</strong></span> <span class='ocrx_word' id='word_1_20' title='bbox 986 703 1033 754; x_wconf 91' lang='lat' dir='ltr'><strong>cx</strong></span> <span class='ocrx_word' id='word_1_21' title='bbox 1051 618 1289 780; x_wconf 82' lang='lat' dir='ltr'><strong>discipulis</strong></span> <span class='ocrx_word' id='word_1_22' title='bbox 1256 706 1333 758; x_wconf 88' lang='lat' dir='ltr'><strong>erus</strong></span> 
     </span>
    </p>
   </div>
   <div class='ocr_carea' id='block_1_3' title="bbox 102 807 1330 4352">
    <p class='ocr_par' dir='ltr' id='par_1_3' title="bbox 197 807 942 910">
     <span class='ocr_line' id='line_1_5' title="bbox 197 807 942 910; baseline -0.014 -17"><span class='ocrx_word' id='word_1_23' title='bbox 197 819 237 893; x_wconf 91' lang='lat' dir='ltr'><strong>iu</strong></span> <span class='ocrx_word' id='word_1_24' title='bbox 261 819 352 894; x_wconf 92' lang='lat' dir='ltr'><strong>sinu</strong></span> <span class='ocrx_word' id='word_1_25' title='bbox 368 816 465 897; x_wconf 88' lang='lat' dir='ltr'><strong>lesu,</strong></span> <span class='ocrx_word' id='word_1_26' title='bbox 492 832 601 910; x_wconf 90' lang='lat' dir='ltr'><strong>quem</strong></span> <span class='ocrx_word' id='word_1_27' title='bbox 628 808 801 907; x_wconf 80' lang='lat' dir='ltr'><strong>diligebat</strong></span> <span class='ocrx_word' id='word_1_28' title='bbox 827 807 942 883; x_wconf 91' lang='lat' dir='ltr'><strong>lesus</strong></span> 
     </span>
    </p>

    <p class='ocr_par' dir='ltr' id='par_1_4' title="bbox 198 934 1330 1167">
     <span class='ocr_line' id='line_1_6' title="bbox 308 934 1330 1034; baseline -0.012 -13"><span class='ocrx_word' id='word_1_29' title='bbox 308 938 361 1021; x_wconf 74' lang='grc'><strong>21</strong></span> <span class='ocrx_word' id='word_1_30' title='bbox 388 939 510 1015; x_wconf 92' lang='lat' dir='ltr'><strong>lnnuit</strong></span> <span class='ocrx_word' id='word_1_31' title='bbox 536 960 621 1034; x_wconf 81' lang='lat' dir='ltr'><strong>ergo</strong></span> <span class='ocrx_word' id='word_1_32' title='bbox 647 935 732 1010; x_wconf 90' lang='lat' dir='ltr'><strong>hnic</strong></span> <span class='ocrx_word' id='word_1_33' title='bbox 763 935 888 1009; x_wconf 88' lang='lat' dir='ltr'><strong>Simon</strong></span> <span class='ocrx_word' id='word_1_34' title='bbox 915 935 1063 1013; x_wconf 80' lang='lat' dir='ltr'><strong>Petrust</strong></span> <span class='ocrx_word' id='word_1_35' title='bbox 1092 948 1131 1011; x_wconf 88' lang='lat' dir='ltr'><strong>et</strong></span> <span class='ocrx_word' id='word_1_36' title='bbox 1158 934 1314 1011; x_wconf 79' lang='lat' dir='ltr'><strong>dixit</strong></span> <span class='ocrx_word' id='word_1_37' title='bbox 1283 958 1330 1011; x_wconf 88' lang='lat' dir='ltr'><strong>cr·</strong></span> 
     </span>
     <span class='ocr_line' id='line_1_7' title="bbox 195 1060 691 1169; baseline -0.028 -18.915"><span class='ocrx_word' id='word_1_38' title='bbox 195 1071 287 1169; x_wconf 79' lang='lat' dir='ltr'><strong>Quis</strong></span> <span class='ocrx_word' id='word_1_39' title='bbox 313 1085 385 1158; x_wconf 85' lang='lat' dir='ltr'><strong>est,</strong></span> <span class='ocrx_word' id='word_1_40' title='bbox 412 1071 457 1168; x_wconf 89' lang='lat' dir='ltr'><strong>de</strong></span> <span class='ocrx_word' id='word_1_41' title='bbox 483 1089 555 1164; x_wconf 87' lang='lat' dir='ltr'><strong>quc</strong></span> <span class='ocrx_word' id='word_1_42' title='bbox 581 1060 691 1139; x_wconf 72' lang='lat' dir='ltr'><strong>dicit?</strong></span> 
     </span>
    </p>

    <p class='ocr_par' dir='ltr' id='par_1_5' title="bbox 197 1191 1330 1421">
     <span class='ocr_line' id='line_1_8' title="bbox 304 1191 1330 1295; baseline -0.008 -21"><span class='ocrx_word' id='word_1_43' title='bbox 304 1194 357 1274; x_wconf 88' lang='grc'><strong>25</strong></span> <span class='ocrx_word' id='word_1_44' title='bbox 385 1198 513 1295; x_wconf 87' lang='lat' dir='ltr'><strong>ltaque</strong></span> <span class='ocrx_word' id='word_1_45' title='bbox 541 1216 624 1268; x_wconf 91' lang='lat' dir='ltr'><strong>cum</strong></span> <span class='ocrx_word' id='word_1_46' title='bbox 638 1191 866 1268; x_wconf 78' lang='lat' dir='ltr'><strong>recubuisset</strong></span> <span class='ocrx_word' id='word_1_47' title='bbox 884 1191 944 1285; x_wconf 89' lang='lat' dir='ltr'><strong>ille</strong></span> <span class='ocrx_word' id='word_1_48' title='bbox 963 1217 1072 1293; x_wconf 88' lang='lat' dir='ltr'><strong>supra</strong></span> <span class='ocrx_word' id='word_1_49' title='bbox 1091 1206 1224 1292; x_wconf 89' lang='lat' dir='ltr'><strong>pectus</strong></span> <span class='ocrx_word' id='word_1_50' title='bbox 1238 1192 1330 1276; x_wconf 84' lang='lat' dir='ltr'><strong>lesu,</strong></span> 
     </span>
     <span class='ocr_line' id='line_1_9' title="bbox 197 1316 759 1421; baseline -0.018 -18"><span class='ocrx_word' id='word_1_51' title='bbox 197 1328 285 1403; x_wconf 89' lang='lat' dir='ltr'><strong>dicit</strong></span> <span class='ocrx_word' id='word_1_52' title='bbox 310 1327 357 1401; x_wconf 90' lang='lat' dir='ltr'><strong>ei:</strong></span> <span class='ocrx_word' id='word_1_53' title='bbox 386 1324 538 1399; x_wconf 89' lang='lat' dir='ltr'><strong>Domine</strong></span> <span class='ocrx_word' id='word_1_54' title='bbox 566 1321 647 1421; x_wconf 90' lang='lat' dir='ltr'><strong>quis</strong></span> <span class='ocrx_word' id='word_1_55' title='bbox 666 1316 759 1394; x_wconf 76' lang='lat' dir='ltr'><strong>esti</strong></span> 
     </span>
    </p>

    <p class='ocr_par' dir='ltr' id='par_1_6' title="bbox 198 1445 1329 1807">
     <span class='ocr_line' id='line_1_10' title="bbox 302 1445 1327 1548; baseline -0.005 -19"><span class='ocrx_word' id='word_1_56' title='bbox 302 1447 355 1529; x_wconf 82' lang='grc'><strong>26</strong></span> <span class='ocrx_word' id='word_1_57' title='bbox 381 1449 583 1548; x_wconf 85' lang='lat' dir='ltr'><strong>Respondit</strong></span> <span class='ocrx_word' id='word_1_58' title='bbox 609 1447 723 1522; x_wconf 86' lang='lat' dir='ltr'><strong>lesus:</strong></span> <span class='ocrx_word' id='word_1_59' title='bbox 752 1445 817 1521; x_wconf 93' lang='lat' dir='ltr'><strong>llle</strong></span> <span class='ocrx_word' id='word_1_60' title='bbox 844 1460 915 1536; x_wconf 89' lang='lat' dir='ltr'><strong>cst,</strong></span> <span class='ocrx_word' id='word_1_61' title='bbox 943 1449 1001 1524; x_wconf 92' lang='lat' dir='ltr'><strong>cni</strong></span> <span class='ocrx_word' id='word_1_62' title='bbox 1027 1472 1094 1547; x_wconf 83' lang='lat' dir='ltr'><strong>ego</strong></span> <span class='ocrx_word' id='word_1_63' title='bbox 1134 1449 1327 1525; x_wconf 90' lang='lat' dir='ltr'><strong>intinctum</strong></span> 
     </span>
     <span class='ocr_line' id='line_1_11' title="bbox 199 1574 1329 1682; baseline -0.003 -26"><span class='ocrx_word' id='word_1_64' title='bbox 199 1605 330 1682; x_wconf 88' lang='lat' dir='ltr'><strong>panem</strong></span> <span class='ocrx_word' id='word_1_65' title='bbox 345 1600 554 1680; x_wconf 89' lang='lat' dir='ltr'><strong>porrexero.</strong></span> <span class='ocrx_word' id='word_1_66' title='bbox 574 1574 724 1652; x_wconf 87' lang='lat' dir='ltr'><strong>Etcum</strong></span> <span class='ocrx_word' id='word_1_67' title='bbox 751 1577 960 1671; x_wconf 80' lang='lat' dir='ltr'><strong>intiuxisset</strong></span> <span class='ocrx_word' id='word_1_68' title='bbox 985 1600 1131 1676; x_wconf 88' lang='lat' dir='ltr'><strong>panem,</strong></span> <span class='ocrx_word' id='word_1_69' title='bbox 1151 1578 1254 1654; x_wconf 87' lang='lat' dir='ltr'><strong>dedit</strong></span> <span class='ocrx_word' id='word_1_70' title='bbox 1271 1579 1329 1653; x_wconf 92' lang='lat' dir='ltr'><strong>lu-</strong></span> 
     </span>
     <span class='ocr_line' id='line_1_12' title="bbox 198 1705 778 1807; baseline -0.017 -21"><span class='ocrx_word' id='word_1_71' title='bbox 198 1711 267 1787; x_wconf 92' lang='lat' dir='ltr'><strong>dae</strong></span> <span class='ocrx_word' id='word_1_72' title='bbox 294 1707 450 1807; x_wconf 89' lang='lat' dir='ltr'><strong>Simonis</strong></span> <span class='ocrx_word' id='word_1_73' title='bbox 478 1705 686 1780; x_wconf 82' lang='lat' dir='ltr'><strong>iscariotae.</strong></span> <span class='ocrx_word' id='word_1_74' title='bbox 772 1730 778 1735; x_wconf 92' lang='lat'><strong>·</strong></span> 
     </span>
    </p>

    <p class='ocr_par' dir='ltr' id='par_1_7' title="bbox 198 1830 1329 2063">
     <span class='ocr_line' id='line_1_13' title="bbox 303 1830 1329 1933; baseline -0.004 -21"><span class='ocrx_word' id='word_1_75' title='bbox 303 1831 356 1912; x_wconf 79' lang='grc'><strong>21</strong></span> <span class='ocrx_word' id='word_1_76' title='bbox 384 1835 433 1911; x_wconf 88' lang='lat' dir='ltr'><strong>Et</strong></span> <span class='ocrx_word' id='word_1_77' title='bbox 458 1847 542 1933; x_wconf 92' lang='lat' dir='ltr'><strong>post</strong></span> <span class='ocrx_word' id='word_1_78' title='bbox 568 1830 785 1921; x_wconf 88' lang='lat' dir='ltr'><strong>buccellam,</strong></span> <span class='ocrx_word' id='word_1_79' title='bbox 805 1832 968 1911; x_wconf 85' lang='lat' dir='ltr'><strong>introivit</strong></span> <span class='ocrx_word' id='word_1_80' title='bbox 994 1837 1032 1910; x_wconf 92' lang='lat' dir='ltr'><strong>in</strong></span> <span class='ocrx_word' id='word_1_81' title='bbox 1059 1857 1153 1921; x_wconf 90' lang='lat' dir='ltr'><strong>eum·</strong></span> <span class='ocrx_word' id='word_1_82' title='bbox 1171 1846 1329 1915; x_wconf 85' lang='lat' dir='ltr'><strong>satanas.</strong></span> 
     </span>
     <span class='ocr_line' id='line_1_14' title="bbox 198 1958 1207 2063; baseline -0.004 -22"><span class='ocrx_word' id='word_1_83' title='bbox 198 1964 248 2041; x_wconf 88' lang='lat' dir='ltr'><strong>Et</strong></span> <span class='ocrx_word' id='word_1_84' title='bbox 273 1965 366 2063; x_wconf 84' lang='lat' dir='ltr'><strong>dixit</strong></span> <span class='ocrx_word' id='word_1_85' title='bbox 393 1964 427 2038; x_wconf 90' lang='lat' dir='ltr'><strong>ei</strong></span> <span class='ocrx_word' id='word_1_86' title='bbox 445 1961 558 2040; x_wconf 88' lang='lat' dir='ltr'><strong>lesus:</strong></span> <span class='ocrx_word' id='word_1_87' title='bbox 586 1958 691 2050; x_wconf 79' lang='lat' dir='ltr'><strong>Quod</strong></span> <span class='ocrx_word' id='word_1_88' title='bbox 717 1959 820 2048; x_wconf 88' lang='lat' dir='ltr'><strong>facis,</strong></span> <span class='ocrx_word' id='word_1_89' title='bbox 840 1961 898 2036; x_wconf 88' lang='lat' dir='ltr'><strong>fac</strong></span> <span class='ocrx_word' id='word_1_90' title='bbox 917 1963 1035 2039; x_wconf 88' lang='lat' dir='ltr'><strong>citius.</strong></span> <span class='ocrx_word' id='word_1_91' title='bbox 1203 2045 1207 2050; x_wconf 50' lang='grc'><strong>,</strong></span> 
     </span>
    </p>

    <p class='ocr_par' dir='ltr' id='par_1_8' title="bbox 197 2088 1328 2297">
     <span class='ocr_line' id='line_1_15' title="bbox 303 2088 1328 2216; baseline -0.003 -47"><span class='ocrx_word' id='word_1_92' title='bbox 303 2088 357 2193; x_wconf 87' lang='grc'><strong>28</strong></span> <span class='ocrx_word' id='word_1_93' title='bbox 383 2092 460 2168; x_wconf 90' lang='lat' dir='ltr'><strong>Hoc</strong></span> <span class='ocrx_word' id='word_1_94' title='bbox 478 2107 718 2167; x_wconf 85' lang='lat' dir='ltr'><strong>autemuemo</strong></span> <span class='ocrx_word' id='word_1_95' title='bbox 732 2088 839 2165; x_wconf 87' lang='lat' dir='ltr'><strong>scivit</strong></span> <span class='ocrx_word' id='word_1_96' title='bbox 857 2091 1161 2216; x_wconf 87' lang='lat' dir='ltr'><strong>discumbentium</strong></span> <span class='ocrx_word' id='word_1_97' title='bbox 1179 2092 1229 2168; x_wconf 86' lang='lat' dir='ltr'><strong>ad</strong></span> <span class='ocrx_word' id='word_1_98' title='bbox 1246 2090 1328 2193; x_wconf 89' lang='lat' dir='ltr'><strong>quid</strong></span> 
     </span>
     <span class='ocr_line' id='line_1_16' title="bbox 197 2221 433 2297; baseline -0.021 0"><span class='ocrx_word' id='word_1_99' title='bbox 197 2221 332 2297; x_wconf 86' lang='lat' dir='ltr'><strong>dixerit</strong></span> <span class='ocrx_word' id='word_1_100' title='bbox 358 2221 433 2295; x_wconf 89' lang='lat' dir='ltr'><strong>ci.</strong></span> 
     </span>
    </p>

    <p class='ocr_par' dir='ltr' id='par_1_9' title="bbox 102 2313 1330 2705">
     <span class='ocr_line' id='line_1_17' title="bbox 301 2313 1330 2451; baseline -0.003 -28"><span class='ocrx_word' id='word_1_101' title='bbox 301 2313 353 2423; x_wconf 81' lang='grc'><strong>23</strong></span> <span class='ocrx_word' id='word_1_102' title='bbox 381 2346 533 2439; x_wconf 85' lang='lat' dir='ltr'><strong>Quidam</strong></span> <span class='ocrx_word' id='word_1_103' title='bbox 562 2354 659 2427; x_wconf 91' lang='lat' dir='ltr'><strong>enim</strong></span> <span class='ocrx_word' id='word_1_104' title='bbox 677 2349 868 2451; x_wconf 89' lang='lat' dir='ltr'><strong>putabant,</strong></span> <span class='ocrx_word' id='word_1_105' title='bbox 895 2346 979 2447; x_wconf 85' lang='lat' dir='ltr'><strong>quia</strong></span> <span class='ocrx_word' id='word_1_106' title='bbox 1007 2346 1146 2422; x_wconf 92' lang='lat' dir='ltr'><strong>loculos</strong></span> <span class='ocrx_word' id='word_1_107' title='bbox 1173 2345 1330 2431; x_wconf 88' lang='lat' dir='ltr'><strong>habebat</strong></span> 
     </span>
     <span class='ocr_line' id='line_1_18' title="bbox 197 2477 1330 2577; baseline -0.002 -26"><span class='ocrx_word' id='word_1_108' title='bbox 197 2477 318 2565; x_wconf 88' lang='lat' dir='ltr'><strong>ludas,</strong></span> <span class='ocrx_word' id='word_1_109' title='bbox 345 2478 441 2577; x_wconf 91' lang='lat' dir='ltr'><strong>quod</strong></span> <span class='ocrx_word' id='word_1_110' title='bbox 467 2479 622 2556; x_wconf 83' lang='lat' dir='ltr'><strong>dixisset</strong></span> <span class='ocrx_word' id='word_1_111' title='bbox 639 2505 673 2555; x_wconf 87' lang='lat' dir='ltr'><strong>cr</strong></span> <span class='ocrx_word' id='word_1_112' title='bbox 663 2481 801 2556; x_wconf 80' lang='lat' dir='ltr'><strong>&#39;tlesns</strong></span> <span class='ocrx_word' id='word_1_113' title='bbox 825 2477 917 2552; x_wconf 82' lang='lat' dir='ltr'><strong>Eme</strong></span> <span class='ocrx_word' id='word_1_114' title='bbox 935 2500 993 2563; x_wconf 86' lang='lat' dir='ltr'><strong>ea,</strong></span> <span class='ocrx_word' id='word_1_115' title='bbox 1020 2499 1112 2574; x_wconf 88' lang='lat' dir='ltr'><strong>quac</strong></span> <span class='ocrx_word' id='word_1_116' title='bbox 1127 2492 1223 2572; x_wconf 87' lang='lat' dir='ltr'><strong>opus</strong></span> <span class='ocrx_word' id='word_1_117' title='bbox 1250 2486 1330 2550; x_wconf 90' lang='lat' dir='ltr'><strong>sunt</strong></span> 
     </span>
     <span class='ocr_line' id='line_1_19' title="bbox 102 2602 1306 2705; baseline -0.002 -25"><span class='ocrx_word' id='word_1_118' title='bbox 102 2667 104 2671; x_wconf 60' lang='grc'>,</span> <span class='ocrx_word' id='word_1_119' title='bbox 196 2603 313 2703; x_wconf 83' lang='lat' dir='ltr'><strong>nobis</strong></span> <span class='ocrx_word' id='word_1_120' title='bbox 328 2605 374 2680; x_wconf 89' lang='lat' dir='ltr'><strong>ad</strong></span> <span class='ocrx_word' id='word_1_121' title='bbox 401 2607 498 2681; x_wconf 89' lang='lat' dir='ltr'><strong>diem</strong></span> <span class='ocrx_word' id='word_1_122' title='bbox 525 2607 673 2683; x_wconf 81' lang='lat' dir='ltr'><strong>festum:</strong></span> <span class='ocrx_word' id='word_1_123' title='bbox 702 2620 765 2682; x_wconf 92' lang='lat' dir='ltr'><strong>aut</strong></span> <span class='ocrx_word' id='word_1_124' title='bbox 784 2605 907 2705; x_wconf 79' lang='lat' dir='ltr'><strong>egenis</strong></span> <span class='ocrx_word' id='word_1_125' title='bbox 934 2616 976 2679; x_wconf 91' lang='lat' dir='ltr'><strong>ut</strong></span> <span class='ocrx_word' id='word_1_126' title='bbox 998 2602 1131 2703; x_wconf 88' lang='lat' dir='ltr'><strong>aliquid</strong></span> <span class='ocrx_word' id='word_1_127' title='bbox 1158 2603 1280 2678; x_wconf 84' lang='lat' dir='ltr'><strong>daret.</strong></span> <span class='ocrx_word' id='word_1_128' title='bbox 1302 2674 1306 2685; x_wconf 86' lang='grc'><em>,</em></span> 
     </span>
    </p>

    <p class='ocr_par' dir='ltr' id='par_1_10' title="bbox 196 2727 1328 2939">
     <span class='ocr_line' id='line_1_20' title="bbox 302 2727 1328 2836; baseline -0.006 -26"><span class='ocrx_word' id='word_1_129' title='bbox 302 2727 354 2810; x_wconf 89' lang='lat'><strong>30</strong></span> <span class='ocrx_word' id='word_1_130' title='bbox 381 2733 473 2811; x_wconf 89' lang='lat' dir='ltr'><strong>Cum</strong></span> <span class='ocrx_word' id='word_1_131' title='bbox 488 2760 573 2835; x_wconf 79' lang='lat' dir='ltr'><strong>ergo</strong></span> <span class='ocrx_word' id='word_1_132' title='bbox 592 2737 792 2836; x_wconf 84' lang='lat' dir='ltr'><strong>accepisset</strong></span> <span class='ocrx_word' id='word_1_133' title='bbox 806 2734 866 2810; x_wconf 94' lang='lat' dir='ltr'><strong>ille</strong></span> <span class='ocrx_word' id='word_1_134' title='bbox 879 2731 1094 2818; x_wconf 88' lang='lat' dir='ltr'><strong>buccellam,</strong></span> <span class='ocrx_word' id='word_1_135' title='bbox 1112 2731 1231 2807; x_wconf 82' lang='lat' dir='ltr'><strong>exirit</strong></span> <span class='ocrx_word' id='word_1_136' title='bbox 1242 2754 1328 2806; x_wconf 87' lang='lat' dir='ltr'><strong>con-</strong></span> 
     </span>
     <span class='ocr_line' id='line_1_21' title="bbox 196 2860 679 2939; baseline 0 -3"><span class='ocrx_word' id='word_1_137' title='bbox 196 2861 311 2937; x_wconf 90' lang='lat' dir='ltr'><strong>tinuo.</strong></span> <span class='ocrx_word' id='word_1_138' title='bbox 339 2860 429 2936; x_wconf 83' lang='lat' dir='ltr'><strong>Erat</strong></span> <span class='ocrx_word' id='word_1_139' title='bbox 455 2877 579 2939; x_wconf 91' lang='lat' dir='ltr'><strong>autem</strong></span> <span class='ocrx_word' id='word_1_140' title='bbox 594 2888 679 2939; x_wconf 89' lang='lat' dir='ltr'><strong>nox.</strong></span> 
     </span>
    </p>

    <p class='ocr_par' dir='ltr' id='par_1_11' title="bbox 193 2982 1327 3211">
     <span class='ocr_line' id='line_1_22' title="bbox 300 2982 1327 3088; baseline -0.005 -23"><span class='ocrx_word' id='word_1_141' title='bbox 300 2982 349 3065; x_wconf 85' lang='lat'><strong>31</strong></span> <span class='ocrx_word' id='word_1_142' title='bbox 366 2987 472 3064; x_wconf 62' lang='lat' dir='ltr'><strong>*Cum</strong></span> <span class='ocrx_word' id='word_1_143' title='bbox 492 3015 579 3088; x_wconf 83' lang='lat' dir='ltr'><strong>ergo</strong></span> <span class='ocrx_word' id='word_1_144' title='bbox 598 2992 749 3077; x_wconf 84' lang='lat' dir='ltr'><strong>exisset,</strong></span> <span class='ocrx_word' id='word_1_145' title='bbox 763 2989 855 3064; x_wconf 83' lang='lat' dir='ltr'><strong>dixit</strong></span> <span class='ocrx_word' id='word_1_146' title='bbox 869 2990 981 3065; x_wconf 88' lang='lat' dir='ltr'><strong>lesus:</strong></span> <span class='ocrx_word' id='word_1_147' title='bbox 997 2985 1098 3063; x_wconf 89' lang='lat' dir='ltr'><strong>Nunc</strong></span> <span class='ocrx_word' id='word_1_148' title='bbox 1112 2983 1327 3060; x_wconf 85' lang='lat' dir='ltr'><strong>clarificatus</strong></span> 
     </span>
     <span class='ocr_line' id='line_1_23' title="bbox 193 3113 1320 3211; baseline -0.005 -20"><span class='ocrx_word' id='word_1_149' title='bbox 193 3129 254 3211; x_wconf 88' lang='lat' dir='ltr'><strong>est</strong></span> <span class='ocrx_word' id='word_1_150' title='bbox 280 3116 559 3205; x_wconf 89' lang='lat' dir='ltr'><strong>filiushominis:</strong></span> <span class='ocrx_word' id='word_1_151' title='bbox 580 3131 618 3194; x_wconf 95' lang='lat' dir='ltr'><strong>et</strong></span> <span class='ocrx_word' id='word_1_152' title='bbox 645 3117 742 3193; x_wconf 89' lang='lat' dir='ltr'><strong>Deus</strong></span> <span class='ocrx_word' id='word_1_153' title='bbox 769 3116 987 3191; x_wconf 88' lang='lat' dir='ltr'><strong>clarificatus</strong></span> <span class='ocrx_word' id='word_1_154' title='bbox 1006 3127 1063 3190; x_wconf 95' lang='lat' dir='ltr'><strong>est</strong></span> <span class='ocrx_word' id='word_1_155' title='bbox 1089 3113 1125 3187; x_wconf 93' lang='lat' dir='ltr'><strong>in</strong></span> <span class='ocrx_word' id='word_1_156' title='bbox 1144 3135 1201 3199; x_wconf 66' lang='lat' dir='ltr'><strong>en⁸⁴</strong></span> <span class='ocrx_word' id='word_1_157' title='bbox 1309 3178 1320 3209; x_wconf 33' lang='grc' dir='ltr'><strong>ἦ</strong></span> 
     </span>
    </p>

    <p class='ocr_par' dir='ltr' id='par_1_12' title="bbox 194 3239 1327 3473">
     <span class='ocr_line' id='line_1_24' title="bbox 301 3239 1327 3329; baseline -0.005 -9"><span class='ocrx_word' id='word_1_158' title='bbox 301 3239 353 3320; x_wconf 89' lang='grc'><strong>32</strong></span> <span class='ocrx_word' id='word_1_159' title='bbox 381 3244 419 3320; x_wconf 91' lang='lat' dir='ltr'><strong>Si</strong></span> <span class='ocrx_word' id='word_1_160' title='bbox 437 3245 534 3322; x_wconf 88' lang='lat' dir='ltr'><strong>Deus</strong></span> <span class='ocrx_word' id='word_1_161' title='bbox 557 3245 774 3320; x_wconf 85' lang='lat' dir='ltr'><strong>clarificatus</strong></span> <span class='ocrx_word' id='word_1_162' title='bbox 801 3257 858 3319; x_wconf 92' lang='lat' dir='ltr'><strong>est</strong></span> <span class='ocrx_word' id='word_1_163' title='bbox 885 3245 921 3317; x_wconf 91' lang='lat' dir='ltr'><strong>in</strong></span> <span class='ocrx_word' id='word_1_164' title='bbox 944 3266 1002 3329; x_wconf 87' lang='lat' dir='ltr'><strong>eo,</strong></span> <span class='ocrx_word' id='word_1_165' title='bbox 1026 3255 1065 3317; x_wconf 92' lang='lat' dir='ltr'><strong>et</strong></span> <span class='ocrx_word' id='word_1_166' title='bbox 1082 3240 1184 3329; x_wconf 72' lang='lat' dir='ltr'><strong>Deus¹</strong></span> <span class='ocrx_word' id='word_1_167' title='bbox 1198 3239 1327 3320; x_wconf 67' lang='lat' dir='ltr'><strong>clarili</strong></span> 
     </span>
     <span class='ocr_line' id='line_1_25' title="bbox 194 3369 1325 3473; baseline -0.005 -27"><span class='ocrx_word' id='word_1_168' title='bbox 194 3369 293 3446; x_wconf 91' lang='lat' dir='ltr'><strong>cabit</strong></span> <span class='ocrx_word' id='word_1_169' title='bbox 319 3396 404 3448; x_wconf 88' lang='lat' dir='ltr'><strong>cum</strong></span> <span class='ocrx_word' id='word_1_170' title='bbox 431 3373 706 3473; x_wconf 84' lang='lat' dir='ltr'><strong>insemetipso:</strong></span> <span class='ocrx_word' id='word_1_171' title='bbox 735 3388 773 3449; x_wconf 90' lang='lat' dir='ltr'><strong>et</strong></span> <span class='ocrx_word' id='word_1_172' title='bbox 799 3373 969 3448; x_wconf 84' lang='lat' dir='ltr'><strong>continno</strong></span> <span class='ocrx_word' id='word_1_173' title='bbox 1001 3369 1213 3446; x_wconf 86' lang='lat' dir='ltr'><strong>clarificabit</strong></span> <span class='ocrx_word' id='word_1_174' title='bbox 1233 3392 1325 3446; x_wconf 88' lang='lat' dir='ltr'><strong>eum.</strong></span> 
     </span>
    </p>

    <p class='ocr_par' dir='ltr' id='par_1_13' title="bbox 193 3492 1328 3851">
     <span class='ocr_line' id='line_1_26' title="bbox 300 3492 1328 3589; baseline -0.004 -14"><span class='ocrx_word' id='word_1_175' title='bbox 300 3492 352 3575; x_wconf 83' lang='lat'><strong>33</strong></span> <span class='ocrx_word' id='word_1_176' title='bbox 380 3500 509 3589; x_wconf 86' lang='lat' dir='ltr'><strong>Filioli,</strong></span> <span class='ocrx_word' id='word_1_177' title='bbox 538 3503 654 3577; x_wconf 91' lang='lat' dir='ltr'><strong>adbuc</strong></span> <span class='ocrx_word' id='word_1_178' title='bbox 681 3503 863 3577; x_wconf 93' lang='lat' dir='ltr'><strong>modicum</strong></span> <span class='ocrx_word' id='word_1_179' title='bbox 890 3500 1076 3576; x_wconf 91' lang='lat' dir='ltr'><strong>vobiscum</strong></span> <span class='ocrx_word' id='word_1_180' title='bbox 1097 3521 1192 3574; x_wconf 89' lang='lat' dir='ltr'><strong>sum.</strong></span> <span class='ocrx_word' id='word_1_181' title='bbox 1213 3495 1328 3588; x_wconf 73' lang='lat' dir='ltr'><strong>Quas</strong></span> 
     </span>
     <span class='ocr_line' id='line_1_27' title="bbox 193 3625 1326 3726; baseline -0.004 -25"><span class='ocrx_word' id='word_1_182' title='bbox 193 3627 283 3723; x_wconf 81' lang='lat' dir='ltr'><strong>retis</strong></span> <span class='ocrx_word' id='word_1_183' title='bbox 311 3651 383 3721; x_wconf 87' lang='lat' dir='ltr'><strong>mc:</strong></span> <span class='ocrx_word' id='word_1_184' title='bbox 413 3642 452 3703; x_wconf 93' lang='lat' dir='ltr'><strong>et</strong></span> <span class='ocrx_word' id='word_1_185' title='bbox 474 3630 569 3704; x_wconf 89' lang='lat' dir='ltr'><strong>sicut</strong></span> <span class='ocrx_word' id='word_1_186' title='bbox 583 3629 656 3703; x_wconf 91' lang='lat' dir='ltr'><strong>dixi</strong></span> <span class='ocrx_word' id='word_1_187' title='bbox 680 3629 833 3704; x_wconf 87' lang='lat' dir='ltr'><strong>ludaeis:</strong></span> <span class='ocrx_word' id='word_1_188' title='bbox 850 3625 929 3718; x_wconf 86' lang='lat' dir='ltr'><strong>Quo</strong></span> <span class='ocrx_word' id='word_1_189' title='bbox 944 3650 1011 3726; x_wconf 79' lang='lat' dir='ltr'><strong>ego</strong></span> <span class='ocrx_word' id='word_1_190' title='bbox 1038 3626 1144 3712; x_wconf 88' lang='lat' dir='ltr'><strong>vado,</strong></span> <span class='ocrx_word' id='word_1_191' title='bbox 1172 3648 1241 3700; x_wconf 83' lang='lat' dir='ltr'><strong>vos</strong></span> <span class='ocrx_word' id='word_1_192' title='bbox 1261 3645 1326 3698; x_wconf 91' lang='lat' dir='ltr'><strong>non</strong></span> 
     </span>
     <span class='ocr_line' id='line_1_28' title="bbox 193 3754 1046 3851; baseline 0.001 -22"><span class='ocrx_word' id='word_1_193' title='bbox 193 3754 349 3851; x_wconf 88' lang='lat' dir='ltr'><strong>potestis</strong></span> <span class='ocrx_word' id='word_1_194' title='bbox 376 3757 510 3831; x_wconf 89' lang='lat' dir='ltr'><strong>venire:</strong></span> <span class='ocrx_word' id='word_1_195' title='bbox 532 3768 569 3830; x_wconf 90' lang='lat' dir='ltr'><strong>et</strong></span> <span class='ocrx_word' id='word_1_196' title='bbox 584 3755 695 3851; x_wconf 78' lang='lat' dir='ltr'><strong>nobis¹</strong></span> <span class='ocrx_word' id='word_1_197' title='bbox 714 3756 793 3832; x_wconf 91' lang='lat' dir='ltr'><strong>dico</strong></span> <span class='ocrx_word' id='word_1_198' title='bbox 820 3755 941 3830; x_wconf 90' lang='lat' dir='ltr'><strong>modo.</strong></span> <span class='ocrx_word' id='word_1_199' title='bbox 1042 3833 1046 3839; x_wconf 74' lang='grc'><strong><em>,</em></strong></span> 
     </span>
    </p>

    <p class='ocr_par' dir='ltr' id='par_1_14' title="bbox 194 3864 1326 4109">
     <span class='ocr_line' id='line_1_29' title="bbox 301 3864 1326 3982; baseline 0.004 -23"><span class='ocrx_word' id='word_1_200' title='bbox 301 3872 352 3959; x_wconf 76' lang='lat' dir='ltr'><strong>ot</strong></span> <span class='ocrx_word' id='word_1_201' title='bbox 380 3883 738 3961; x_wconf 82' lang='lat' dir='ltr'><strong>Mandatumnovum</strong></span> <span class='ocrx_word' id='word_1_202' title='bbox 766 3887 811 3960; x_wconf 83' lang='lat' dir='ltr'><strong>ao</strong></span> <span class='ocrx_word' id='word_1_203' title='bbox 840 3864 955 3960; x_wconf 68' lang='lat' dir='ltr'><strong>vous:</strong></span> <span class='ocrx_word' id='word_1_204' title='bbox 985 3882 1034 3959; x_wconf 75' lang='lat' dir='ltr'><strong>vc</strong></span> <span class='ocrx_word' id='word_1_205' title='bbox 1051 3883 1209 3982; x_wconf 80' lang='lat' dir='ltr'><strong>diligatis</strong></span> <span class='ocrx_word' id='word_1_206' title='bbox 1238 3887 1326 3963; x_wconf 74' lang='lat' dir='ltr'><strong>invt</strong></span> 
     </span>
     <span class='ocr_line' id='line_1_30' title="bbox 194 4010 1221 4109; baseline 0.001 -23"><span class='ocrx_word' id='word_1_207' title='bbox 194 4032 288 4104; x_wconf 84' lang='lat' dir='ltr'><strong>cem,</strong></span> <span class='ocrx_word' id='word_1_208' title='bbox 303 4011 397 4087; x_wconf 91' lang='lat' dir='ltr'><strong>sicut</strong></span> <span class='ocrx_word' id='word_1_209' title='bbox 423 4011 534 4087; x_wconf 89' lang='lat' dir='ltr'><strong>dilexi</strong></span> <span class='ocrx_word' id='word_1_210' title='bbox 561 4034 639 4107; x_wconf 79' lang='lat' dir='ltr'><strong>vos,</strong></span> <span class='ocrx_word' id='word_1_211' title='bbox 653 4025 694 4088; x_wconf 93' lang='lat' dir='ltr'><strong>ut</strong></span> <span class='ocrx_word' id='word_1_212' title='bbox 708 4024 746 4087; x_wconf 89' lang='lat' dir='ltr'><strong>et</strong></span> <span class='ocrx_word' id='word_1_213' title='bbox 773 4034 838 4087; x_wconf 84' lang='lat' dir='ltr'><strong>vos</strong></span> <span class='ocrx_word' id='word_1_214' title='bbox 866 4010 1024 4109; x_wconf 80' lang='lat' dir='ltr'><strong>diligatis</strong></span> <span class='ocrx_word' id='word_1_215' title='bbox 1050 4011 1221 4097; x_wconf 64' lang='lat' dir='ltr'><strong>,invicem</strong></span> 
     </span>
    </p>

    <p class='ocr_par' dir='ltr' id='par_1_15' title="bbox 192 4131 1322 4352">
     <span class='ocr_line' id='line_1_31' title="bbox 300 4131 1322 4238; baseline -0.002 -26"><span class='ocrx_word' id='word_1_216' title='bbox 300 4131 350 4214; x_wconf 87' lang='lat'><strong>35</strong></span> <span class='ocrx_word' id='word_1_217' title='bbox 378 4138 419 4212; x_wconf 94' lang='lat' dir='ltr'><strong>ln</strong></span> <span class='ocrx_word' id='word_1_218' title='bbox 445 4139 515 4214; x_wconf 92' lang='lat' dir='ltr'><strong>hoc</strong></span> <span class='ocrx_word' id='word_1_219' title='bbox 542 4152 759 4238; x_wconf 81' lang='lat' dir='ltr'><strong>cognoscent</strong></span> <span class='ocrx_word' id='word_1_220' title='bbox 787 4163 914 4213; x_wconf 91' lang='lat' dir='ltr'><strong>omnes</strong></span> <span class='ocrx_word' id='word_1_221' title='bbox 942 4139 1025 4237; x_wconf 88' lang='lat' dir='ltr'><strong>quia</strong></span> <span class='ocrx_word' id='word_1_222' title='bbox 1061 4139 1229 4237; x_wconf 86' lang='lat' dir='ltr'><strong>discipuli</strong></span> <span class='ocrx_word' id='word_1_223' title='bbox 1258 4139 1322 4216; x_wconf 88' lang='lat' dir='ltr'><strong>mei</strong></span> 
     </span>
     <span class='ocr_line' id='line_1_32' title="bbox 192 4242 1179 4352; baseline 0.006 -17"><span class='ocrx_word' id='word_1_224' title='bbox 192 4264 295 4352; x_wconf 89' lang='lat' dir='ltr'><strong>estis,</strong></span> <span class='ocrx_word' id='word_1_225' title='bbox 324 4265 354 4339; x_wconf 91' lang='lat' dir='ltr'><strong>si</strong></span> <span class='ocrx_word' id='word_1_226' title='bbox 381 4264 610 4344; x_wconf 87' lang='lat' dir='ltr'><strong>dilectionem</strong></span> <span class='ocrx_word' id='word_1_227' title='bbox 638 4242 847 4343; x_wconf 87' lang='lat' dir='ltr'><strong>habueritis</strong></span> <span class='ocrx_word' id='word_1_228' title='bbox 866 4269 911 4342; x_wconf 88' lang='lat' dir='ltr'><strong>ad</strong></span> <span class='ocrx_word' id='word_1_229' title='bbox 939 4268 1106 4343; x_wconf 88' lang='lat' dir='ltr'><strong>invicem.</strong></span> <span class='ocrx_word' id='word_1_230' title='bbox 1176 4244 1179 4249; x_wconf 43' lang='grc'><em>’</em></span> 
     </span>
    </p>
   </div>
   <div class='ocr_carea' id='block_1_4' title="bbox 0 0 1498 4912">
    <p class='ocr_par' dir='ltr' id='par_1_16' title="bbox 0 0 1498 4912">
     <span class='ocr_line' id='line_1_33' title="bbox 0 0 1498 4912; baseline 0 1"><span class='ocrx_word' id='word_1_231' title='bbox 0 0 1498 4912; x_wconf 95' lang='lat' dir='ltr'><strong> </strong></span> 
     </span>
    </p>
   </div>
  </div>
 </body>
</html>
