2978 4920
531 312 632 360 csevr
655 310 794 360 necinus
812 303 954 359 rsurtvtt
1244 292 1304 359 liii

169 414 224 462 ecs
247 398 457 463 hortamentis
471 397 620 461 instruat.
644 396 716 480 Ipsa
731 398 837 461 oratio
853 396 952 459 talem
966 399 1092 476 putrem
1113 391 1233 476 prodit,
1250 395 1306 476 qni

170 500 253 562 tilios
275 500 414 561 moriens
436 497 621 578 relinquere
636 496 776 579 cogitur.

250 619 280 662 v.
303 597 354 663 33.
381 589 545 674 Quaeritis
565 616 634 671 mc,
657 617 772 678 graece
797 590 955 677 ’Ζητησετε
978 616 1030 690 pt:
1059 597 1146 677 quod
1171 598 1308 662 verbum

169 702 232 765 hoc
253 703 285 764 in
305 702 379 764 loco
410 720 473 765 non
504 701 587 765 idem
609 707 660 764 est
679 716 717 764 ac
738 702 912 764 circumire
933 708 971 764 ut
991 703 1133 783 aliquem
1164 700 1306 764 invenia-

170 815 254 880 mus,
277 804 345 880 sed,
363 803 635 883 quemadmodum
656 803 689 864 in
709 803 781 865 aliis
802 803 882 865 locis
903 810 1007 881 sonat,
1024 805 1163 868 absentis
1183 801 1306 865 deside·

170 905 219 966 rio
241 906 343 968 teneri
364 911 462 985 atque
483 905 545 985 ogi.
562 936 603 950 -
624 903 666 966 Et
686 903 767 966 sicot
789 902 861 965 diei
880 902 1010 966 Iudaeis
1030 914 1059 966 ct
1079 914 1198 984 ccccm
1221 902 1308 983 quod

170 1004 248 1067 olim
270 1005 396 1069 ludaeis
411 1007 490 1083 dixi,
507 997 538 1066 id
553 1006 659 1087 ipsum
674 1006 765 1068 vobis
787 1024 873 1069 nunc
895 1007 981 1087 dico,
999 1008 1065 1071 alio
1080 1015 1187 1071 tamen
1200 1025 1306 1068 sensu.

172 1101 291 1170 Conier
311 1105 358 1169 lo.
375 1104 466 1184 VIII,
487 1103 538 1171 m.

250 1226 281 1270 v.
301 1201 352 1273 dd.
376 1206 584 1289 Quantopere
607 1204 755 1270 Christus
783 1214 931 1271 mutuam
964 1209 1168 1272 dilectionem
1192 1207 1309 1271 eanta-

171 1314 301 1387 temque
316 1309 569 1385 commendaret,
585 1328 679 1371 nemo
695 1310 832 1389 ignorat.
850 1308 933 1372 llinc
953 1310 1048 1387 illud,
1064 1318 1103 1374 ut
1117 1330 1188 1374 eam
1202 1309 1307 1392 primo

169 1406 245 1469 loco
266 1409 412 1488 posuerit
432 1410 464 1470 in
490 1408 646 1471 mandatis
674 1428 759 1488 quae
787 1419 926 1473 mortem
946 1411 1010 1471 iam
1036 1410 1186 1473 obiturus
1217 1409 1310 1473 disci-

169 1508 256 1587 pulis
277 1508 374 1572 dedit.
391 1543 431 1554 -
445 1508 635 1574 Mandatum
661 1528 789 1572 novum.
814 1506 850 1571 ld
873 1506 1123 1591 chrysostomus
1143 1509 1188 1573 sio
1209 1508 1312 1590 expli-

169 1615 234 1671 cat:
258 1600 326 1673 Hoc
339 1608 523 1672 mandatum
540 1658 547 1672 .
566 1658 573 1674 .
594 1659 600 1673 .
624 1609 711 1690 ipse.
730 1658 737 1673 .
756 1656 764 1673 .
788 1629 904 1672 novum
917 1609 993 1692 sccit
1005 1610 1074 1692 ipso
1090 1608 1310 1692 praecipiendi

168 1711 259 1771 modo
271 1728 289 1782 ,·
310 1709 423 1774 intulit
443 1711 549 1774 enim:
571 1702 661 1775 Sicut
693 1709 794 1774 dilexi
813 1728 877 1773 cos.
905 1705 956 1775 Sic
978 1713 1074 1775 etiam
1096 1706 1308 1793 Augustinus.

170 1808 240 1874 Nec
261 1831 354 1876 secus
373 1811 530 1898 cyrillus,
553 1814 610 1894 qui
632 1815 712 1876 haec
734 1812 910 1892 subiungita
929 1810 1017 1874 Vides
1037 1810 1217 1875 dilectionis
1238 1830 1312 1891 crgo

169 1909 444 1977 coenositatem?
465 1914 531 1978 Lex
562 1913 644 1978 caim
670 1911 831 1996 proecepit
850 1911 981 1994 diligere
1010 1916 1144 1995 fratrem
1174 1912 1257 1976 siem
1280 1931 1312 1974 sc

169 2011 273 2094 ipsum
283 2058 296 2089 ,
317 2013 472 2079 Dominus
492 2026 595 2079 autem
616 2026 720 2078 noster
739 2014 827 2080 Ioues
856 2011 999 2079 Christus
1028 2013 1144 2079 dilccit
1164 2035 1222 2079 nos
1236 2007 1311 2096 ptus

167 2127 264 2196 quam
284 2108 447 2196 scipsum.
476 2114 598 2181 Confer
618 2112 664 2181 lo.
684 2108 756 2195 XV,
771 2112 821 2182 ld.
834 2113 1055 2180 -Postrema
1076 2116 1175 2180 huius
1196 2129 1311 2181 versus

171 2214 273 2278 verba
294 2233 358 2278 non
379 2223 455 2280 sunt
474 2217 625 2299 repetitio
645 2214 734 2279 illius
754 2215 919 2292 mandati,-
942 2214 998 2279 sed
1018 2213 1114 2278 finem
1134 2206 1312 2296 significant

172 2313 216 2393 ob
231 2333 329 2393 quem
344 2313 492 2380 Christus
513 2317 629 2379 dilexit
641 2334 712 2395 nos,
736 2313 819 2379 sicut
839 2313 941 2378 dilexi
961 2333 1028 2388 vos,
1047 2314 1135 2396 quod
1149 2314 1222 2378 ideo
1237 2314 1310 2390 leci,

171 2422 211 2475 ut
230 2421 259 2474 ct
277 2433 332 2477 cos
352 2413 496 2496 diligatis
515 2413 662 2479 invicem.

253 2533 285 2579 v.
306 2508 357 2579 35.
381 2510 452 2580 Hoc
472 2530 612 2598 namque
633 2522 846 2599 praeceptum
867 2516 1024 2596 estquod
1046 2508 1193 2580 Christus
1212 2534 1309 2581 suum

175 2613 269 2677 dixit·
282 2611 335 2696 (l).

257 2735 310 2779 vv.
332 2712 464 2782 36-38.
487 2714 579 2780 Petri
600 2719 711 2800 lapsus
731 2719 836 2801 primo
851 2716 1061 2799 praedicitur.
1082 2714 1168 2797 Lege
1188 2715 1258 2780 Lib.
1282 2715 1313 2778 ΙΙ

178 2816 220 2880 de
240 2815 424 2899 Evangeliis
445 2817 563 2883 Annot.
586 2819 718 2886 CLXIII
731 2828 765 2885 et
779 2817 920 2887 CLXXI.
935 2852 976 2864 -
989 2816 1061 2884 Non
1083 2816 1313 2899 cantabitpct·

173 2917 238 2990 lus,
260 2918 355 2980 donec
370 2927 398 2979 ct
411 2928 524 2993 cetera,
546 2921 608 2985 hoc
622 2928 757 2987 estante
778 2919 990 3002 gallicinium,
1007 2937 1091 3002 quac
1105 2925 1178 2983 erat
1191 2926 1310 3001 quarta

175 3027 210 3082 et
229 3022 392 3100 postrema
412 3021 514 3086 noctis
534 3039 610 3103 pars
630 3022 676 3087 sic
697 3027 823 3087 vocata.

579 3230 896 3287 -wo-s

554 3464 758 3517 CAPV'I'
813 3463 922 3516 xit

288 3789 306 3871 1
341 3703 452 3873 Non
481 3794 649 3870 turbetur
676 3818 737 3868 cor
766 3804 941 3869 vestrum.
958 3787 1115 3883 Creditis
1129 3792 1165 3865 in
1180 3789 1310 3879 Deum,

165 3936 215 4002 et
241 3921 281 4005 in
304 3947 363 3999 me
391 3917 538 3999 credite.

252 4148 289 4221 (q
305 4152 344 4204 ιο.
362 4150 421 4219 xv,
440 4149 484 4200 12.-
