2986 4912
171 295 234 365 9111
510 315 542 365 ιιι
563 316 702 366 scisses
724 317 975 368 concurramus

244 418 299 463 vv.
321 398 352 464 8
375 399 406 465 9.
428 398 514 482 Lege
535 399 584 465 Io.
606 400 713 479 XVII,
735 400 786 473 19
877 440 880 445 -
929 462 932 469 ,

250 521 282 564 ι.
305 496 356 568 19.
379 499 515 565 Petrum
535 522 627 580 esse,
650 503 707 583 qui
728 503 761 577 id
781 471 957 581 commisit,
967 523 1065 573 unus
1085 503 1230 571 Ioannes
1244 526 1320 573 me·-

168 602 292 665 moriae
312 602 464 683 prodidit
485 601 577 683 Lege
591 546 663 665 Lib.
680 600 750 666 Ide
770 601 954 685 Evangeliis
973 625 1055 687 cap.
1052 604 1125 668 IV.
1147 626 1179 670 n.
1201 606 1256 673 35.

249 723 281 767 v.
304 699 355 783 11.
381 699 530 777 Calicem,
544 705 608 766 hoc
621 710 671 767 est
683 704 851 768 cruciatus
865 711 899 768 11
911 724 1033 769 necem.
1056 704 1176 771 Confer
1190 705 1313 773 Mattb.

168 802 243 882 XX,
263 803 315 870 99.
335 801 389 884 93;
410 801 531 879 XXVI,
551 801 602 869 39.
624 798 679 884 193
700 803 804 868 Marc.
828 803 870 880 X,
890 803 943 870 38.
964 804 1018 886 395
1044 805 1133 885 XIV,
1153 805 1210 887 365
1230 807 1316 872 Luc.

168 902 277 983 XXII,
297 903 349 972 19
371 904 446 970 Non
465 924 486 968 a
505 902 645 981 Iudaeis,
660 905 717 968 sed
737 924 758 968 a
777 911 871 987 patre
892 907 978 969 bnnc
999 907 1134 973 calicem
1153 908 1216 971 sibi
1237 927 1319 990 por·

171 1008 234 1088 rigi
255 1007 404 1087 Christus
423 1007 480 1070 ait.
523 1008 526 1012 ’

251 1128 308 1172 vv.
328 1104 369 1173 13
388 1126 478 1189 seqq.
501 1105 610 1171 Annas
632 1114 665 1170 11
685 1105 847 1189 Caipbas,
875 1110 932 1172 illa
955 1110 1070 1172 saltem
1090 1116 1198 1186 nocte,
1221 1117 1319 1182 erant

171 1209 206 1272 in
226 1210 339 1272 eadem
361 1209 469 1272 domo.
492 1208 579 1290 Lege
600 1228 685 1290 quae
706 1210 852 1274 dicemus
872 1212 912 1274 de
932 1230 964 1274 v.
985 1205 1037 1276 91.
1053 1245 1095 1258 -
1107 1210 1201 1288 Quae
1224 1211 1316 1279 diffie

174 1311 313 1376 cultates
343 1315 420 1391 sunt
448 1311 481 1372 iu
512 1312 731 1392 componenda
759 1313 820 1376 bac
852 1313 1006 1377 historiae
1035 1319 1128 1395 parte
1152 1314 1318 1396 descripta

174 1409 335 1476 aloanne
356 1430 432 1474 cum
452 1417 641 1476 ceterorum
671 1414 945 1493 evangelistarum
975 1415 1240 1490 narrationibus,
1264 1434 1317 1480 eas

176 1513 350 1578 dissolutas
368 1513 458 1593 leges
477 1512 511 1574 in
530 1512 601 1576 Lib.
618 1511 650 1575 II
668 1513 708 1576 de
722 1513 907 1594 Evangeliis
929 1512 1048 1577 dunat.
1072 1511 1263 1578 CLXXVII.
1279 1547 1319 1560 -·

174 1612 224 1676 Dc
245 1611 338 1677 Anna
358 1619 392 1676 et
412 1610 533 1694 Caipba
564 1612 706 1677 diximus
737 1614 771 1676 1ιι
799 1613 871 1676 Lib.
896 1611 943 1675 III
965 1614 1005 1676 de
1025 1613 1216 1694 Evangeliis
1231 1612 1318 1680 Diss.

175 1712 261 1779 XLI.
283 1733 315 1777 u.
329 1710 380 1779 11.
394 1745 436 1759 -
450 1711 556 1790 Quem
577 1714 610 1775 in
630 1733 760 1777 sensum
778 1713 964 1796 accipienda
984 1715 1031 1778 sit
1046 1714 1222 1795 appellatio
1237 1733 1322 1795 pon·

176 1813 256 1898 tifex
274 1812 357 1898 enni
376 1812 480 1885 illius,
500 1814 589 1894 leges
609 1814 728 1878 ibidem
748 1813 833 1878 Diss.
857 1811 1010 1877 XXVIII.
1033 1833 1064 1876 n.
1087 1811 1138 1881 95.
1173 1870 1188 1892 ,.

126 1977 128 1987 ,
258 1935 290 1978 v.
313 1910 364 1980 11.
386 1913 506 1980 Conler
529 1912 577 1978 Io.
598 1913 657 1990 XI,
678 1911 720 1981 19
733 1912 812 1979 -51,

256 2012 360 2081 eds.
382 2015 444 2080 1111
474 2015 560 2079 alius
588 2014 764 2098 disciputus
785 2014 921 2080 Ioannes
942 2016 1011 2097 ipse
1034 2015 1133 2080 inisse
1158 2016 1320 2083 creditum

176 2117 317 2200 Proprio
338 2117 423 2180 enim
435 2117 577 2194 nomine,
593 2118 723 2181 tametsi
743 2136 807 2181 non
828 2135 969 2198 semper,
985 2121 1112 2205 ceteros
1129 2116 1321 2199 discipulos,

177 2240 213 2284 sc
233 2239 314 2285 vcro
333 2238 399 2283 non
419 2222 509 2296 item,
531 2219 558 2282 is
578 2220 663 2282 solet
683 2219 863 2299 designare.

191 2363 211 2377 ,ι
259 2340 315 2385 vv.
330 2319 382 2388 lo
396 2320 448 2387 17.
464 2320 509 2384 Vt
528 2318 656 2384 Ioannis
676 2327 928 2400 ceterorumque
950 2319 1225 2401 evangelistarum
1248 2337 1324 2380 nar-

179 2422 321 2488 rationes
345 2422 385 2485 de
406 2422 511 2484 tribus
531 2421 674 2502 lapsibus
696 2419 786 2484 Petri
816 2420 930 2483 ordine
951 2438 1016 2482 nna
1038 2436 1226 2500 componas,
1247 2418 1321 2499 lege

179 2525 271 2605 prins
291 2523 362 2603 Lib.
385 2521 417 2585 II
438 2523 479 2586 de
499 2522 684 2602 Evangeliis
715 2520 837 2586 Annot.
858 2517 1062 2587 CLXXVIII.
1096 2519 1168 2584 Hoc
1188 2520 1222 2582 in
1246 2520 1322 2583 loco

179 2625 304 2707 primus
322 2626 445 2689 borum
464 2623 847 2705 lapsuumdescribItur.
1059 2648 1065 2657 ·

259 2745 293 2796 v.
300 2723 374 2793 18
389 2723 500 2802 Quum
529 2722 635 2806 [ripun
662 2732 768 2801 esset,
789 2722 940 2803 sequitur
959 2727 998 2786 ut
1018 2721 1077 2784 illo
1098 2739 1181 2783 auno
1201 2720 1320 2785 mensis

181 2828 341 2909 paschalis
361 2845 426 2890 non
446 2827 473 2889 is
496 2826 596 2889 luerit
624 2826 718 2888 cuins
739 2823 952 2907 interlunium
977 2821 1126 2884 incidit
1117 2840 1155 2885 m
1179 2821 1267 2886 diem
1301 2820 1322 2886 9

178 2929 303 3010 aprilis,
325 2929 382 2992 sed
402 2927 435 2990 iu
453 2921 475 2992 1
494 2927 613 2990 martii.
629 2925 716 3007 Lege
729 2923 799 2988 Lib.
817 2922 864 2987 III
879 2925 919 2987 de
939 2923 1124 3004 Evangeliis
1144 2920 1318 2988 11111111.

180 3046 212 3092 m
226 3021 346 3095 91.-
340 3027 501 3093 :loannes
528 3028 627 3091 hoc
618 3047 651 3090 ru
681 3028 757 3090 loco
781 3026 942 3106 relinquit
973 3023 1108 3087 Petrum
1131 3032 1269 3087 stantem
1294 3033 1322 3087 et

181 3130 415 3214 calefacientem
435 3150 478 3204 se,
500 3136 539 3193 nt
558 3130 684 3192 adalia
711 3134 866 3203 transeat,
887 3127 927 3190 ad
954 3127 1050 3188 illum
1070 3125 1169 3189 etiam
1187 3134 1320 3192 stentem

181 3242 210 3296 et
230 3231 463 3315 calefacientem
484 3252 514 3294 se
542 3231 709 3295 rediturus
732 3231 845 3311 paullo
865 3234 939 3311 post
959 3225 1065 3296 195·
1230 3293 1233 3297 .

205 3375 208 3382 ·
262 3354 316 3408 rr.
340 3332 470 3400 19-93.
488 3332 554 3410 Qui
574 3333 615 3396 ad
636 3332 871 3412 componendas
891 3329 1093 3393 narrationes
1107 3329 1318 3409 evangelista·

184 3455 260 3501 rum
269 3424 391 3519 putant
403 3454 533 3500 necesse
548 3453 617 3498 esse
638 3435 727 3496 haee·
739 3433 917 3497 transferre
938 3436 1010 3512 post
1029 3448 1063 3492 v.
1084 3423 1137 3506 91,
1157 3449 1213 3495 101
1233 3432 1320 3495 reiu-

181 3538 351 3602 tacimus
342 3557 375 3600 ιιι
394 3536 464 3600 Lib.
482 3533 513 3599 II
535 3535 575 3598 de
595 3533 779 3614 Evangeliis
801 3533 920 3597 Annot.
943 3527 1131 3609 CLXXVII,
1145 3530 1204 3593 ubi
1223 3533 1319 3597 etiam

182 3637 343 3718 intelliges
364 3637 443 3718 quid
464 3635 665 3700 sentiendum
686 3635 729 3697 sit
748 3634 788 3697 de
809 3626 1068 3715 appellatioue’
1047 3644 1224 3732 αρχιερεως
1240 3653 1321 3716 poe·

59 3823 62 3828 Ι
180 3733 276 3816 tifieis
297 3738 382 3799 iacta
404 3734 525 3798 Annae.
539 3769 580 3783 -
594 3733 635 3797 Io
655 3752 838 3814 synapopo,
860 3752 975 3815 graece
1000 3728 1032 3801 ἓν
1055 3753 1223 3828 συναγωγή
1255 3735 1320 3800 siue

176 3837 336 3912 artIculo,
352 3837 438 3901 sicut
450 3837 561 3918 potior
580 3837 758 3900 auctoritas
771 3834 883 3914 legere
900 3835 1024 3899 suadet.
1041 3835 1202 3916 Christus,
1219 3856 1321 3919 quum

182 3936 431 4022 Hierosoly-mae
452 3943 547 4014 esset,
570 3932 734 4002 do'cebat
725 3956 758 3997 ιιι
778 3935 911 4015 templo,
923 3955 1037 4016 ouum
1064 3937 1184 4016 alibi,
1169 3956 1321 4024 meyna-

180 4058 262 4119 goga
273 4059 284 4118 3
306 4039 361 4103 sed
383 4040 481 4114 etiam
501 4046 596 4114 extra
624 4038 782 4118 templum
801 4046 836 4100 et
854 4054 1060 4125 synagogam.
1077 4036 1178 4102 -JIe
1198 4041 1318 4102 occulto

178 4141 300 4203 locotus
320 4159 394 4204 sum·
408 4138 502 4210 111111.-
515 4139 615 4216 llam,
631 4139 737 4220 inquit
746 4135 960 4219 Augustinus,
977 4140 1210 4222 qoedseeraum
1224 4138 1319 4205 disci·
