2986 4912
490 320 590 368 csevt
613 319 739 367 sExTvu

398 476 661 524 eaoeosmoms
685 443 870 520 mommo

121 620 164 688 36
183 619 241 686 Sed
261 618 332 682 diui
352 617 523 699 vobisquia
542 626 569 678 et
583 616 630 677 vi-

72 725 165 790 distis
174 745 233 800 mc,
249 733 277 786 ct
291 742 355 785 uou
369 717 505 783 creditis.

121 830 161 894 37
178 827 285 901 Omue,
301 827 382 909 quod
402 826 455 886 dat
468 819 546 882 atat
567 821 631 884 Pa-

73 941 134 1006 ter,
156 932 263 992 adme
283 925 396 989 oeuiet:
421 933 553 998 etcum,
576 924 631 1006 qui

73 1032 163 1094 acuit
175 1033 217 1094 ad
229 1050 288 1103 me,
303 1048 367 1092 uou
382 1026 505 1090 eiiciam
524 1029 629 1108 foras:

113 1131 155 1196 38
173 1129 248 1213 quia
279 1127 421 1192 descendi
452 1130 487 1189 de
519 1130 629 1202 eaelo,
691 1119 729 1187 51
750 1119 817 1200 Eoo
838 1139 905 1182 sum
913 1121 1010 1200 pauis
1025 1110 1195 1201 vicumqui

644 1227 679 1287 de
699 1225 783 1286 cado
804 1223 953 1285 desceudi.

75 1359 141 1400 mou
161 1347 196 1399 ut
215 1335 332 1418 faciam
357 1337 548 1397 ooluutatem
573 1353 633 1396 me-

74 1461 140 1514 am,
156 1441 208 1501 sed
224 1439 414 1499 volumtatem
428 1435 493 1498 eius
508 1435 563 1516 qui
576 1434 634 1497 mi-

76 1542 120 1604 sit
133 1560 189 1603 me.

125 1645 167 1712 39
186 1644 271 1707 Haec
293 1651 336 1703 est
406 1635 446 1707 40
476 1639 562 1702 Hace
593 1649 635 1701 est

75 1748 335 1811 autemaotuutas
349 1752 451 1805 autem
489 1745 634 1805 voluutas

76 1848 156 1922 cius,
177 1845 232 1929 qui
251 1843 337 1907 misit
350 1843 459 1911 Patris
478 1844 538 1906 mei
549 1889 560 1918 ,
582 1844 636 1926 qui

77 1973 137 2025 me,
158 1949 284 2014 Patris:
350 1950 436 2013 misit
455 1970 518 2013 mc:

76 2064 112 2116 ut
133 2070 235 2124 Omne,
257 2050 385 2130 Wdttl
425 2053 547 2127 Omnis,
582 2052 637 2135 qui
696 2056 736 2124 52
756 2053 880 2140 Siquis
900 2059 1137 2122 manducaverit
1161 2077 1198 2118 ca

76 2155 162 2219 dedit
174 2152 265 2227 mitti,
351 2159 434 2221 videt
457 2158 590 2232 Filium,
609 2162 704 2223 eeuoc
719 2179 816 2239 poue,

351 2263 448 2327 eredit
457 2263 493 2325 iu
508 2283 575 2326 cum
583 2309 595 2338 ‚

76 2383 143 2427 ποθὶ
158 2366 338 2444 perdomat
351 2369 566 2434 habeatoitam
586 2388 636 2429 ae·
648 2367 730 2430 oioot
749 2367 785 2428 ia
806 2375 979 2429 aeteruum:

76 2487 125 2544 3⁰)
352 2483 484 2544 termam,

75 2574 130 2633 sed
162 2569 337 2633 resuscitem
351 2583 378 2636 et
396 2593 449 2653 aaa
472 2571 637 2636 resuscita-

76 2671 215 2734 illudio
235 2670 386 2736 uocis-bo
413 2694 481 2737 eum
515 2675 551 2738 iu
582 2694 637 2737 uo-

76 2776 156 2838 simo
170 2776 228 2838 die.
352 2776 546 2840 cissimodic.

650 2869 677 2921 et
691 2858 801 2937 pauis,
837 2877 924 2939 quem
944 2877 997 2937 cao
1011 2859 1114 2928 dato,
1136 2876 1208 2918 caco

593 3010 595 3015 .
650 2982 717 3024 mea
732 2972 774 3024 cst
783 2982 843 3041 pro
864 2962 974 3024 muudi
994 2960 1070 3023 oita.

393 3157 592 3209 WDAEORVM
615 3157 889 3204 oulucrtrtouus

130 3298 169 3369 lss
181 3301 423 3369 Murmurobaut
440 3324 510 3384 erqo
525 3302 636 3366 Iudaei
697 3302 735 3367 53
757 3301 937 3382 Litiaabaut
958 3322 1028 3382 crac
1040 3300 1150 3363 Iudaei
1164 3301 1204 3361 ad

80 3404 199 3478 desidio,
215 3404 290 3486 quia
311 3402 452 3466 elisisset:
478 3405 544 3485 qu
568 3407 794 3477 sumiuoiccm,
816 3405 966 3467 diceutes:

74 3507 174 3587 pauis
196 3506 300 3580 oious,
332 3506 386 3586 qui
416 3508 452 3568 de
482 3510 566 3569 caeto
587 3511 638 3569 de-

80 3610 201 3683 seeudi,

130 3707 171 3778 42
197 3724 224 3773 ct
255 3709 414 3774 dicebam:
442 3710 552 3776 Nouae
587 3712 637 3773 hie

81 3811 316 3892 estIesusfitius
336 3811 457 3895 Ioseph,
478 3812 568 3875 euius
582 3833 638 3875 uos

81 3915 226 3979 uooimus
234 3924 370 3996 patrem,
381 3924 410 3977 et
426 3912 583 3979 matrem?

84 4015 242 4093 Quomodo
262 4037 333 4098 ecco
357 4022 435 4085 dicit
462 4021 531 4084 tic:
556 4018 639 4095 Quia
656 4020 812 4098 Quomodo
828 4031 929 4103 potest
949 4019 999 4084 hic
1020 4018 1107 4083 uobis
1138 4037 1207 4082 car-

81 4123 214 4186 decada
235 4122 404 4186 deseeudi?
653 4143 722 4186 uem
741 4144 829 4187 suam
849 4126 923 4186 dare
943 4124 985 4186 ad
1014 4123 1206 4185 mauducau-

653 4221 753 4288 dum?
