2986 4912
548 323 650 371 cteta
672 325 813 376 nacttttttt
835 329 941 378 lldlll'ss

619 524 867 587 conduratatttvtt

179 814 233 861 vv.
255 792 333 863 1-3.
356 740 508 864 Ioannes
523 802 603 867 haec
618 803 662 868 ait
676 805 761 868 lacta
774 812 848 870 ante
862 825 960 889 qnam
974 806 1098 872 Pilatus
1122 811 1311 875 seutentiam

179 896 313 977 diceret,
336 920 422 981 quae
445 909 551 967 tamen
571 902 757 970 Matthaeus
771 913 804 971 et
817 905 950 971 Marcus
962 914 1097 987 narrant
1108 917 1182 991 post
1194 911 1313 974 dictam

179 1015 198 1058 a
221 996 327 1064 Pilato
348 1004 549 1067 senteutiam.
572 1002 696 1069 Verum
718 992 903 1072 Matthaeus
924 1016 957 1073 et
976 1007 1109 1096 Marcus
1130 1016 1314 1093 temporum

179 1099 323 1163 ordinem
347 1121 410 1167 non
430 1122 559 1186 semper
579 1103 841 1188 sequuntur(1)‚
864 1108 955 1189 sique
975 1109 1086 1173 locum
1111 1111 1252 1193 excipias
1279 1112 1311 1175 in

177 1219 244 1280 quo
269 1200 350 1265 haec
375 1205 636 1287 descripserunt,
669 1209 750 1271 nihil
779 1218 958 1291 suggerunt
986 1231 1052 1292 quo
1082 1211 1242 1276 efficiatur
1270 1231 1310 1276 ea

175 1311 249 1384 post
268 1305 424 1370 iudicium
444 1309 631 1373 ahsolutum
652 1309 736 1374 lacta
757 1330 837 1375 esse·
858 1311 886 1376 E
907 1314 1072 1378 contrario
1098 1313 1186 1396 apud
1213 1312 1306 1383 loan-

173 1423 246 1467 nem
267 1424 305 1469 ea
325 1407 462 1488 legimus
483 1429 567 1490 quae
587 1431 680 1475 secus
701 1412 896 1477 concludere
916 1433 973 1497 nos
987 1422 1118 1497 coguut.
1133 1413 1218 1496 Lege
1231 1413 1302 1480 Lib.

173 1502 205 1568 11
226 1507 265 1570 de
286 1506 468 1591 Evangeliis
488 1509 607 1576 Anuot.
631 1510 724 1577 CXC.
746 1510 856 1578 cxci.
879 1512 1203 1598 cxciii-Atque
1230 1516 1305 1587 red,-

172 1607 277 1671 ditum
297 1617 346 1674 est
365 1629 425 1692 pro
445 1631 562 1694 graeco
581 1609 887 1710 pontopontmcuius
907 1617 1047 1682 maxime
1060 1618 1193 1700 propria
1212 1618 1303 1682 notio

174 1719 325 1785 estiatur
345 1721 437 1804 vireo
457 1723 582 1806 inflicti.

234 1842 285 1886 ·.r
307 1817 338 1890 d.
362 1821 695 1890 Aduerbinmitcrum
716 1827 748 1888 in
770 1826 926 1890 hocloco
953 1843 1016 1887 non
1036 1823 1122 1886 idem
1151 1829 1244 1888 sonat
1267 1842 1306 1886 ae

174 1925 320 1987 secondo.
345 1923 465 1989 Confer
486 1925 532 1990 lo.
555 1925 685 2004 xviii,
707 1925 748 1992 38
769 1933 801 1991 et
819 1928 891 2008 lege
915 1924 985 1989 Lib
1009 1923 1041 1988 ll
1062 1925 1101 1989 de
1121 1922 1306 2006 Evangeliis

171 2019 291 2089 Annot.
313 2024 452 2092 CCXVI.

251 2145 284 2191 ι.
316 2126 347 2192 5
380 2127 460 2191 Eece
490 2129 578 2193 homo
599 2141 648 2203 m
651 2144 701 2200 ean
718 2138 791 2202 now
808 2129 826 2208 (
836 2128 950 2192 Eceoto
974 2125 1068 2211 qui).
1085 2125 1214 2190 Horum
1238 2146 1304 2191 am-

173 2233 287 2315 phasin
308 2235 403 2300 lacile
423 2238 532 2302 sentis.
545 2238 700 2303 -Porro
722 2239 891 2302 manifesto
911 2238 1000 2301 vides
1013 2242 1052 2300 ut
1065 2235 1155 2300 lesus
1169 2234 1304 2316 llagellis

174 2355 287 2404 caesus
308 2342 473 2424 spinisque
493 2348 667 2405 coronatus
689 2341 790 2405 luerit
809 2347 882 2404 ante
902 2358 1001 2421 quam
1025 2337 1137 2420 capitis
1157 2356 1176 2400 a
1197 2335 1304 2401 Pilato

170 2437 391 2505 damnaretur.

254 2560 285 2604 v.
307 2541 338 2606 7
363 2540 486 2607 Filium
506 2542 566 2607 Dei
588 2541 716 2623 vulgari
736 2561 832 2606 sensu
852 2561 921 2605 sese
935 2539 1114 2624 appellare,
1128 2558 1193 2602 ιιοιι
1207 2537 1305 2602 modo

171 2643 360 2724 religiosum
380 2662 444 2707 non
464 2651 547 2720 erat,
569 2643 624 2707 sed
646 2643 747 2724 pium,
767 2660 871 2723 eaque
892 2640 1096 2722 appellatio
1087 2659 1118 2701 ιιι
1140 2639 1305 2702 veteribus
1397 2676 1400 2681 -

171 2762 303 2823 quoqne
323 2744 493 2826 scripturis
514 2750 672 2825 usurpata
692 2743 823 2822 legitur.
846 2739 957 2805 ludaei
977 2760 1055 2821 ergo
1076 2740 1177 2821 probe
1197 2757 1303 2801 sense-

170 2850 244 2908 rant
264 2851 302 2909 ut
323 2844 484 2923 Christus,
506 2866 570 2909 non
591 2846 649 2908 illo
671 2845 811 2925 vulgari,
833 2843 889 2906 sed
910 2861 989 2907 vcro
1003 2861 1041 2906 ac
1054 2840 1188 2922 proprio
1206 2859 1303 2903 seusu

170 2945 253 3009 hauc
273 2947 334 3010 sibi
353 2947 603 3028 appellationem
624 2946 756 3009 laceret.

250 3067 282 3110 ι.
305 3045 334 3112 8.
353 3045 478 3110 Pilatus
492 3048 532 3110 de
545 3047 712 3111 miraculis
726 3065 745 3108 a
759 3046 888 3111 Christo
902 3044 995 3108 editis
1009 3049 1211 3125 compertum
1227 3059 1304 3124 pro·

171 3148 227 3212 cul
247 3148 517 3224 dubiohahebat,
539 3149 641 3212 nuntii
662 3168 794 3229 quoque
814 3147 873 3212 sibi
893 3146 981 3209 missi
1001 3146 1042 3208 ab
1062 3165 1168 3209 uxore
1177 3143 1219 3225 (2)
1227 3143 1304 3208 elle-

170 3259 283 3313 ceraut
302 3256 340 3313 ut
360 3251 427 3313 sinc
447 3250 664 3315 sollicitudine
685 3268 754 3314 esse
775 3269 838 3313 non
857 3255 965 3330 posset
992 3248 1124 3328 quinam
1152 3243 1301 3311 Christus

170 3358 276 3429 esset3
309 3369 411 3431 quum
439 3369 520 3430 ergo
541 3352 604 3412 iam
625 3352 669 3414 ita
690 3358 774 3415 esset
793 3351 899 3415 animo
921 3355 1149 3429 comparatus,
1181 3347 1302 3410 mirum

171 3470 234 3515 oon
255 3457 305 3515 est
324 3459 447 3515 metum
469 3453 611 3531 aliquem
632 3452 692 3532 ipsi
712 3453 871 3532 ingestum
886 3470 954 3515 esse
968 3456 1006 3513 ut
1019 3449 1144 3512 audivit
1164 3445 1301 3511 ludaeos

172 3549 338 3616 Christum
359 3559 546 3617 accusantes
566 3550 642 3632 quta
661 3550 763 3631 fitium
782 3549 892 3615 Deice
912 3549 1008 3632 fecit,
1041 3548 1189 3625 tametsi,
1220 3567 1304 3629 quo·

171 3653 269 3717 modo
290 3653 321 3714 id
343 3659 438 3730 esset,
461 3653 607 3734 prolecto
628 3652 715 3716 haud
736 3652 941 3733 intelligeret.

252 3774 284 3816 ιι.
308 3751 337 3819 9.
361 3752 445 3834 Lege
466 3772 551 3833 quae
571 3754 711 3817 diximus
733 3754 772 3817 de
793 3752 840 3817 lo
864 3751 985 3830 xvnl,
1007 3749 1057 3817 37.
1081 3749 1228 3816 Christus
1249 3748 1302 3823 Pi-

170 3854 288 3931 latum,
308 3873 468 3936 quaenam
482 3855 581 3935 ipsius
596 3855 687 3935 origo
702 3860 798 3932 esset,
814 3854 1027 3918 sciscitantem
1042 3853 1133 3917 nullo
1148 3869 1304 3933 responso

244 4064 279 4127 (1)
299 4064 366 4127 lege
385 4065 440 4116 Lib.
460 4063 484 4115 ll
502 4065 540 4116 Da
558 4065 680 4131 liranqel
699 4079 742 4117 un.
761 4063 774 4114 l
795 4079 864 4131 seqq.

241 4156 277 4223 (2)
297 4156 380 4208 ltlatth
409 4158 518 4226 divit,
537 4155 579 4208 aa.
