2986 4912
161 325 220 394 184
503 342 532 387 m
556 338 692 386 ternans
714 336 962 384 consecramus

246 447 279 491 v.
301 423 352 492 18.
376 427 538 490 Praedicit
567 443 644 505 ergo
666 424 737 486 lore
758 433 795 486 ut
816 423 954 486 mundus
985 420 1059 483 odio
1084 437 1139 480 eos
1161 417 1299 491 habeat,

169 529 225 591 sed
246 528 284 590 iis
304 528 411 591 verbis
431 526 609 607 praedicit,
631 525 771 605 quihus,
793 543 833 586 ne
854 527 1030 603 propterea
1049 517 1182 583 solliciti
1204 515 1299 591 fiant,

162 629 267 693 simul
286 629 481 709 premuniat,
503 628 692 705 animosque
705 626 751 688 eis
764 624 861 687 addat
879 623 960 685 binis
980 620 1179 701 argumentis
1200 615 1302 678 maxi·

167 748 220 793 me
239 728 435 809 efficacibus3
450 747 593 808 quorum
612 729 755 809 primum
775 732 824 788 est
843 724 1005 787 mundum'
1021 723 1083 784 hac
1102 738 1139 784 re
1159 736 1225 782 non
1245 717 1302 779 ali·

104 877 113 888 .
167 835 292 892 tereos
313 830 502 892 habiturum
521 849 559 893 ac
580 827 745 891 Christum
765 828 857 909 prius
878 826 1043 900 habuerit,

223 942 276 993 'v.
297 927 348 994 19.
371 931 511 994 alterum
539 938 588 994 est
607 949 767 1007 caussam,
782 934 918 1011 propter
936 945 1035 1007 quam
1055 924 1196 987 mundus
1225 923 1298 984 illos

165 1034 254 1091 tanto
275 1031 349 1093 odio
363 1038 626 1111 prosequuturus
646 1035 706 1106 est,
723 1049 786 1092 non
807 1029 904 1090 aliam
925 1046 996 1090 csse
1013 1043 1112 1105 quam
1126 1021 1247 1090 Christi
1268 1021 1300 1083 tn

164 1131 249 1210 ipsos
269 1151 426 1208 amorem,
449 1133 602 1212 quodque
623 1132 720 1194 huius
743 1130 891 1210 discipuli
912 1129 985 1190 sint.

236 1251 266 1294 v.
289 1227 340 1297 20.
364 1231 479 1295 Priore
509 1239 700 1312 argumento
721 1233 753 1292 in
775 1251 805 1294 v.
829 1228 869 1295 18
889 1249 932 1292 ex
952 1247 1014 1304 co,
1038 1227 1126 1307 quod
1157 1225 1299 1289 mundus

162 1331 328 1395 Christum
354 1333 494 1412 priorem
524 1333 595 1394 odio
626 1331 755 1409 habuit,
784 1333 961 1395 adductum
984 1336 1038 1397 ast
1060 1330 1157 1395 ctiam
1178 1325 1301 1416 Christi

163 1432 337 1512 discipulos
358 1453 376 1495 a
398 1435 518 1498 mundo
546 1435 620 1497 odio
652 1433 784 1512 haheri3
807 1433 838 1494 id
859 1451 928 1495 esse
949 1449 1146 1509 consequens
1168 1429 1301 1492 demon·

160 1541 286 1596 stratur
307 1537 367 1597 hac
389 1537 530 1612 ratione,
553 1538 629 1616 quia
660 1555 724 1597 aon
744 1545 788 1598 est
808 1553 915 1596 sareas
944 1532 1047 1596 maior
1075 1530 1202 1594 damino
1230 1550 1298 1593 sao.

163 1633 312 1698 Christus
333 1637 395 1699 hoc
415 1637 548 1701 effatum
568 1639 718 1719 superius
746 1638 932 1718 protulerat
951 1636 984 1697 in
1004 1634 1050 1698 Io.
1075 1632 1167 1710 XIII,
1189 1631 1242 1698 16.
1258 1666 1300 1679 -

163 1732 253 1797 Alias
277 1737 562 1802 animadvertimus
582 1745 620 1801 ut
642 1737 789 1802 Christus
819 1739 934 1801 solitus
966 1742 1069 1813 csscl,
1092 1735 1148 1798 abi
1173 1735 1300 1815 aliquid

162 1837 392 1916 affirmaverat,
414 1841 512 1903 huius
533 1841 733 1917 contrarium
758 1858 888 1918 negare,
911 1847 969 1901 aut
989 1839 1071 1914 eius,
1092 1836 1181 1916 quod
1202 1854 1301 1916 nega·

164 1947 269 2014 verat,
292 1938 466 2020 affirmar03
481 1940 629 2004 seditem
649 1930 786 2016 solebat,
808 1940 896 2020 quod
911 1946 943 2002 ct
956 1941 989 2000 in
1002 1940 1064 2000 hoc
1077 1939 1152 2000 loco
1173 1937 1300 1999 tactum

162 2040 204 2100 ab
224 2059 264 2103 eo
286 2042 443 2120 videmus,
463 2062 566 2123 quum
586 2043 709 2122 aliquid
730 2060 773 2103 ex
793 2042 904 2121 aliquo
925 2039 1119 2116 adduxerat,
1135 2057 1178 2100 ex
1199 2037 1299 2100 huius

163 2142 327 2205 contrario
348 2144 436 2206 illius
457 2143 659 2206 contrarium
684 2142 859 2222 adducerc;
881 2141 938 2221 qui
958 2159 1027 2203 mos
1048 2158 1152 2220 aeque
1175 2155 1215 2200 ac
1240 2137 1298 2198 illa

161 2242 253 2322 prior
273 2262 312 2305 eo
333 2246 525 2324 pertinebat,
548 2250 598 2319 ut,
621 2263 706 2324 quac
727 2244 929 2320 dicebantur,
952 2241 1164 2317 audientium,
1187 2239 1302 2302 rudio-

161 2360 237 2403 rum
256 2345 452 2425 plerumque
472 2357 571 2426 atque
592 2346 758 2408 hebetiora
779 2345 917 2425 ingenio,
940 2343 1100 2407 mentibus
1121 2341 1221 2404 altius
1241 2340 1303 2402 im-

161 2444 393 2523 primerentur.
1024 2498 1027 2502 Α

246 2563 278 2607 v.
295 2541 345 2609 21.
369 2545 514 2609 Alterius
529 2548 712 2626 argumenti
732 2548 763 2608 in
784 2545 1016 2613 alamanne
1036 2546 1117 2624 haec
1136 2551 1207 2608 esta
1229 2544 1301 2625 Ego

160 2661 217 2706 vos
239 2643 337 2726 diligo
348 2667 359 2726 3
382 2648 522 2710 mundus
543 2647 643 2726 igitur
663 2667 720 2711 vos
741 2649 818 2711 odit.
844 2645 912 2711 Cur
932 2654 1043 2711 autem
1063 2646 1184 2711 Christi
1208 2665 1303 2709 amor

160 2744 194 2805 in
215 2745 390 2828 discipulos
405 2749 525 2812 mundo
540 2768 687 2812 caussam
707 2749 861 2829 praebeat
876 2748 950 2810 odio
972 2767 1027 2810 eos
1048 2747 1199 2823 habendi,
1215 2744 1301 2809 idem

160 2845 227 2925 ipse
249 2846 462 2912 Christusita
484 2849 627 2930 exponit:
652 2848 784 2925 Caussa,
802 2869 863 2912 cur
878 2849 1021 2911 homines
1037 2856 1167 2927 propter
1186 2865 1301 2909 namen

161 2964 274 3020 meam,
297 2955 432 3030 propter
451 2952 513 3013 hoc
533 2951 640 3030 ipsum
660 2950 749 3031 quod
768 2950 832 3012 mei
853 2950 940 3026 estis,
956 2949 1031 3010 haee
1052 2946 1160 3009 amnia
1179 2945 1300 3028 facient

163 3045 262 3124 vobis,
285 3067 412 3123 caussa,
435 3051 579 3131 inquam,
603 3052 682 3115 hacc
710 3056 771 3126 est,
800 3048 876 3129 qaia
896 3048 1042 3112 nesciant
1062 3067 1143 3122 cum,
1165 3047 1222 3130 qui
1241 3047 1300 3112 mi-

163 3158 205 3208 srt
224 3166 281 3210 me.
899 3206 904 3215 ,

244 3270 275 3313 v.
297 3251 348 3316 22.
378 3252 405 3316 E
437 3253 661 3335 superioribus
693 3250 812 3316 Christi
843 3254 950 3316 verbis
981 3253 1191 3332 intelligimus
1224 3253 1298 3315 odio

160 3350 260 3430 ipsius
282 3351 401 3417 Christi
423 3356 566 3418 homines
595 3353 647 3433 agi
675 3372 778 3432 quum
800 3371 838 3416 eo
860 3354 976 3430 modo,
999 3372 1065 3433 quo
1093 3353 1217 3416 dictum
1239 3360 1298 3429 est,

162 3471 238 3532 erga
259 3455 357 3519 huius
379 3456 554 3538 discipulos
574 3473 643 3517 sese
666 3460 791 3534 gerunt.
816 3453 917 3519 Cuius
946 3457 1069 3535 peccati
1099 3454 1232 3535 quidem
1253 3455 1300 3517 rei

160 3551 209 3613 illi
230 3574 293 3617 non
312 3563 417 3619 essent
437 3559 462 3620 si
485 3555 651 3620 Christum
682 3556 770 3618 haud
800 3562 951 3633 nossent3
974 3556 1050 3631 sed,
1083 3572 1186 3634 quum
1208 3553 1301 3618 Chri-

159 3661 229 3716 stus
249 3656 289 3718 ad
311 3676 366 3720 cos
387 3657 533 3732 venerit,
557 3656 716 3719 intereos
738 3662 888 3721 versatus
908 3657 970 3732 sit,
993 3675 1032 3718 ac
1052 3655 1119 3718 suis
1145 3654 1300 3718 doctrinis

161 3773 215 3816 eos
236 3756 398 3820 instruere
423 3756 608 3831 studuerit,
631 3752 862 3817 accusationem
893 3774 958 3817 noa
984 3755 1097 3816 hadent
1115 3756 1153 3815 de
1168 3765 1300 3835 peccato

161 3873 231 3929 suo,
253 3858 291 3919 de
313 3859 388 3920 odio
409 3859 560 3922 videlicet
580 3876 646 3936 quo
668 3855 833 3921 Christum
855 3862 1113 3938 prosequuntur3

244 3978 275 4020 v.
298 3957 348 4022 23.
372 3977 467 4034 nam,
489 3959 546 4039 qui
568 3955 733 4021 Christum
755 3957 834 4035 odit,
857 3964 891 4020 et
911 3951 1017 4020 Deum
1033 3955 1154 4021 Christi
1176 3963 1302 4037 patrem

164 4057 242 4134 odit,
267 4077 368 4138 quum
391 4059 539 4124 Christus
560 4064 592 4120 et
613 4064 706 4137 pater
727 4075 829 4121 unum
850 4059 921 4120 sint.
