2986 4912
408 336 510 385 crovr
532 335 672 384 oacrnvn
695 334 823 383 saxrvrr
1129 315 1189 385 191

51 423 192 497 iustitia,
207 423 350 504 inquam,
365 421 426 485 Dei
447 442 506 502 per
526 424 616 502 fidem
629 420 701 483 lesu
723 418 839 482 carisa·
864 418 902 482 iu
924 438 1028 482 omues
1052 428 1081 481 et
1100 439 1193 500 super

51 522 232 605 omnesqui
253 524 384 585 creduut
403 520 439 583 iu
460 540 528 582 eum
550 520 605 602 (1),
629 527 661 583 et
681 521 721 582 de
746 539 812 599 qua
832 519 956 583 Paulus
970 521 1003 581 in
1017 521 1081 583 alio
1102 521 1188 598 loeo,

55 623 163 702 Corde,
186 624 304 704 iuquit,
318 621 458 685 creditur
478 623 521 684 ad
539 620 697 684 iustitiam
718 619 772 702 (2).
795 620 853 684 His
873 621 984 702 positis
1000 621 1106 699 facile,
1123 624 1191 703 opi-

53 744 137 801 nor,
160 724 302 791 dandum
330 725 392 787 erit
420 723 585 787 Christum
613 706 732 785 in‘boo
755 723 830 785 loco
850 722 1026 801 loquutum
1050 723 1095 785 ita
1120 742 1189 786 esse

54 826 141 889 siout
169 843 265 905 saepe
294 825 441 900 solebat,
464 831 502 887 ut
528 824 694 886 omitteret
719 823 752 884 id
782 823 870 903 quod
898 843 940 887 ex
972 832 1066 886 antea
1098 825 1191 888 dietis

54 926 268 1008 repetendum
282 945 352 989 esse
367 926 430 989 ‚vel
454 932 543 988 certe
568 927 724 1005 consequi
738 926 924 1006 apparebat.
943 923 1066 1002 Quare,
1089 944 1192 1005 quum

56 1029 91 1090 iu
112 1047 143 1090 v.
166 1022 207 1094 10
227 1027 427 1091 eontrarium
449 1032 591 1107 exponat
605 1027 674 1089 eius
696 1027 783 1105 quod
805 1027 933 1089 dixerat
945 1027 978 1088 in
997 1046 1028 1089 v.
1052 1024 1083 1103 9,
1100 1044 1194 1090 muu-

56 1131 136 1194 dum
155 1131 188 1192 in
212 1130 318 1210 ipsum
337 1147 403 1191 non
416 1128 601 1204 credidisse,
615 1129 672 1191 vix
690 1129 840 1191 dubitare
858 1129 937 1191 lieet
948 1129 993 1190 ita
1007 1147 1139 1191 versum
1152 1123 1194 1195 10

56 1233 127 1295 esse
147 1231 375 1312 supplendum:
398 1229 444 1292 De
466 1227 593 1291 iustitie
611 1248 707 1302 vero,
732 1228 809 1310 quio
832 1231 875 1292 ad
895 1239 1020 1309 petrem
1043 1231 1137 1302 uado,
1166 1237 1195 1291 et

57 1331 125 1395 iam
144 1350 210 1394 reon
229 1329 374 1392 uidebitis
396 1349 456 1404 me,
480 1330 534 1391 eed
557 1338 660 1391 tamen
684 1327 814 1391 credetis
816 1348 834 1401 ,·
850 1335 916 1392 tota
939 1335 1049 1392 autem
1072 1335 1197 1391 senten·

57 1432 103 1494 tia
128 1433 223 1512 plane
247 1431 383 1495 clarebit
409 1432 436 1496 si
464 1431 654 1495 conferatur
683 1450 759 1495 oum
789 1432 848 1494 illo
873 1431 968 1494 Pauli
993 1431 1111 1494 elfato:
1138 1429 1197 1492 aa

58 1541 164 1595 autem
183 1533 257 1613 fidos
273 1576 281 1593 .
298 1577 329 1597 ..
352 1541 572 1611 arqumeutum
585 1551 651 1594 uon
671 1532 892 1613 apperentium
913 1531 968 1613 (3),
984 1551 1125 1612 eumque
1138 1532 1197 1594 illo

59 1634 205 1698 eiusdem
237 1634 338 1716 ipsius
368 1632 509 1699 Christi:
542 1632 637 1696 Beati
665 1632 722 1716 qui
743 1653 809 1696 nou
829 1632 979 1695 uiderunt
1005 1641 1036 1695 et
1061 1630 1198 1695 eredide-

59 1744 140 1800 runt
167 1732 221 1817 (d).

142 1855 174 1900 v.
199 1832 251 1901 12.
268 1834 374 1912 Quam
398 1854 477 1900 vere
502 1836 719 1917 quamquain
741 1838 815 1900 loeo
835 1837 868 1898 id
889 1834 1038 1900 Christus
1059 1835 1200 1898 affirma-

60 1935 159 2014 verit,
189 1954 227 2000 ea
248 1936 432 2012 ostendunt,
461 1954 546 2015 quae
569 1938 718 2016 proxime
739 1937 879 2011 dixerat,
902 1937 1082 2013 intellectu,
1094 1937 1199 2017 prima

60 2035 178 2101 saltem
201 2037 330 2119 speeie,
355 2037 431 2100 satis
451 2036 613 2115 difficilia,
639 2039 724 2102 siout
752 2040 902 2103 vidimus.
923 2073 964 2084 —
983 2037 1055 2103 Non
1070 2037 1201 2118 potestis

54 2144 187 2216 pertore
206 2137 308 2213 modo,
338 2136 414 2215 quia
441 2136 585 2199 nondum
603 2138 693 2200 vobis
714 2135 853 2219 Spiritus
873 2146 1002 2202 sanctus
1023 2138 1118 2200 datus
1139 2142 1200 2217 est3

63 2257 163 2319 quem
188 2257 318 2302 sensum
342 2257 392 2314 ea,
420 2257 505 2318 quae
525 2247 720 2319 sequuntur,
742 2259 800 2303 nos
821 2242 947 2303 docent.

145 2359 178 2403 v.
203 2337 254 2404 13.
287 2335 416 2401 Omnem
436 2339 612 2418 ueritatem,
641 2342 698 2404 illa
722 2342 873 2405 videlieet
893 2361 978 2422 quae
999 2341 1094 2403 babeo
1116 2338 1203 2402 vebia

62 2437 166 2504 dieue
175 2482 188 2514 ,
218 2440 272 2502 eed
301 2459 367 2502 uon
393 2439 524 2520 potestis
550 2451 681 2522 portare
707 2443 809 2505 modo.
830 2440 999 2505 —Verba
1027 2461 1093 2503 nou
1121 2439 1205 2503 euim

64 2541 209 2622 loquetur
231 2561 252 2602 a
272 2540 432 2621 semetipso
459 2561 541 2605 eave
568 2543 613 2605 ita
639 2544 799 2624 intelligas
826 2562 864 2607 ao
890 2545 918 2606 si
937 2545 987 2607 his
1011 2545 1096 2606 ratio
1111 2543 1207 2606 alier-

65 2646 161 2705 retur
187 2659 248 2704 cur
272 2660 351 2705 vera
374 2642 438 2705 sint
466 2662 551 2724 quae
578 2642 716 2726 Spiritus
747 2651 876 2708 sanetus
902 2647 1105 2725 loquuturus
1135 2663 1204 2708 esse

18 2828 20 2835 Ι
63 2741 198 2816 dieitur,
211 2742 267 2806 sed
288 2761 348 2806 our
368 2743 395 2806 is
415 2763 479 2807 non
492 2746 557 2808 alia
577 2748 740 2828 apostolos
761 2749 919 2810 docturus
933 2747 985 2823 sit,
1001 2765 1100 2826 quam
1115 2765 1200 2825 quae

67 2853 146 2907 tuno
165 2840 313 2909 Christus
338 2845 469 2924 quidem
495 2848 603 2911 dicere
625 2850 775 2924 habebat,
801 2850 857 2912 sed
879 2848 929 2909 illi
949 2848 1092 2911 nondum
1112 2848 1206 2910 intel-

66 2944 169 3025 ligere
192 2950 364 3026 poterant;
397 2966 496 3027 quam
526 2953 670 3012 nostram
694 2949 993 3030 interpretationem
1013 2949 1113 3011 verba
1133 2949 1204 3024 sed,

65 3063 275 3130 quaecumque
295 3043 416 3119 audiet,
431 3046 575 3128 loquetur
595 3049 682 3112 omni
697 3055 844 3129 exparte
865 3048 1068 3112 confirmant.
1086 3046 1208 3124 Quem-

69 3146 245 3214 admodum
265 3157 375 3209 autem
401 3146 571 3224 Christus,
600 3150 685 3213 siout
706 3151 774 3231 ipse
794 3151 922 3231 saepius
946 3150 1111 3231 protessus
1135 3151 1206 3225 est,

69 3244 119 3310 lo.
142 3244 216 3324 Vll,
231 3245 270 3311 17
272 3268 283 3326 3
299 3245 390 3324 Vlll,
405 3246 456 3312 26.
470 3247 521 3316 28.
537 3247 588 3315 38.
603 3248 656 3332 403
672 3249 748 3324 xli,
761 3249 812 3317 ab
828 3246 881 3332 50;
896 3248 985 3329 xlv,
1000 3245 1052 3330 103
1066 3249 1139 3326 XV,
1153 3246 1206 3326 15,

68 3367 134 3415 nou
155 3348 356 3429 loquebatur
382 3350 444 3416 nisi
468 3369 553 3429 quae
578 3353 766 3416 audierata
791 3359 895 3434 patre,
917 3353 963 3415 ita
985 3371 1045 3416 neo
1069 3350 1208 3432 Spiritus

69 3454 200 3512 sanctus
223 3448 284 3514 nisi
304 3467 389 3528 quae
411 3469 431 3512 a
451 3457 545 3532 patre
569 3458 602 3514 et
630 3452 708 3517 tilio.
735 3452 854 3518 Confer
876 3452 922 3516 lo.
946 3452 1035 3529 xlv,
1057 3450 1108 3517 26.

151 3568 182 3612 v.
208 3544 258 3615 lt.
281 3548 342 3612 lue
361 3570 408 3613 me
429 3551 619 3632 clarificabit
630 3573 647 3626 ;
670 3554 828 3633 quidquid
852 3556 935 3618 enim
961 3553 1104 3634 grande,
1134 3553 1209 3641 insi·

70 3668 144 3732 gne,
167 3650 379 3716 admiratione
400 3654 533 3733 dignum
557 3661 642 3735 aget,
668 3655 700 3716 id
724 3674 788 3718 non
809 3656 868 3736 ipsi
892 3656 993 3736 magis
1003 3673 1104 3735 quam
1129 3654 1208 3715 mibi

71 3749 317 3818 attribuendum
337 3757 397 3829 est,
424 3771 539 3839 quum,
563 3759 721 3832 quantum
742 3754 872 3821 virtutis
897 3752 953 3821 ille
977 3755 1086 3832 habet,
1108 3751 1140 3815 id
1162 3760 1210 3820 to-

143 3894 183 3964 (r)
200 3900 276 3951 nam.
295 3900 344 3965 nr,
362 3898 407 3950 22.

143 3982 182 4057 (a)
199 3991 240 4041 n.
258 3990 291 4058 x,
310 3990 353 4043 10.

141 4081 177 4146 (a)
196 4083 277 4135 naar.
296 4085 342 4152 m,
361 4083 387 4138 1.

145 4172 177 4241 (ι)
199 4177 237 4227 ro.
256 4176 313 4245 xa,
331 4175 375 4232 no.
