2986 4912
300 292 344 360 62
646 312 677 358 rr
699 306 837 357 :carun
856 313 1111 366 currerunt!

383 421 417 463 v.
437 398 490 466 ll.
512 400 585 466 Non
603 399 742 480 accipio,
762 399 808 463 ita
828 410 867 462 ut
887 403 946 479 qui
964 405 1036 466 eius
1056 404 1225 484 indigeam.

383 523 416 566 r.
436 500 489 570 43.
511 502 619 580 Quam
639 503 744 566 omnis
763 502 894 564 artificii
908 522 1039 583 expers,
1054 524 1154 584 quani
1166 526 1228 569 suo
1240 507 1328 584 luco,
1343 525 1445 587 quam

302 604 482 666 secundum
501 613 653 666 naturam
673 605 754 665 hacc
773 603 1030 668 animadversio!

384 723 416 766 r.
437 700 488 768 ld.
510 702 597 766 Nota
615 703 803 782 superbiam
823 702 898 764 fidei
911 703 1148 768 adversantem.

382 821 415 864 r.
436 799 487 867 tu.
509 801 659 866 Christus
678 804 759 863 hacc
779 802 888 863 dicens
900 805 1068 881 spectabat
1086 805 1129 865 ad
1148 807 1323 869 oraculum
1334 824 1355 868 a
1368 803 1442 868 Dec

302 901 450 984 Murcia
470 903 586 988 Moyse
604 901 761 967 Israelitis
774 903 939 964 redditum
957 905 991 964 in
1003 903 1102 967 Dent
1117 905 1248 983 Xl'lll,
1262 905 1313 973 15.
1328 904 1437 987 ltu).

692 1111 1048 1157 *mm*

698 1347 906 1395 clevr
962 1346 1022 1397 vt

408 1652 428 1731 1
460 1576 584 1735 Post
614 1661 706 1734 hacc
738 1661 829 1734 abiit
846 1662 950 1735 lesus
968 1674 1072 1734 trans
1100 1683 1200 1733 mare
1234 1657 1435 1757 Galilaeae,

299 1786 396 1882 quod
427 1800 486 1861 cst
513 1787 740 1862 Tiberiadis:

403 1910 488 1988 het
506 1915 727 2012 sequebatur
754 1937 840 1991 eum
867 1914 1066 1990 multitudo
1092 1935 1246 2009 magna,
1266 1912 1351 2008 quia
1378 1912 1437 1986 vi-

298 2036 434 2112 debant
448 2041 564 2136 signa‚
573 2064 665 2137 quae
680 2040 839 2115 iaciebat
852 2064 963 2137 super
976 2041 1047 2126 his,
1062 2042 1124 2138 qui
1136 2039 1432 2112 infirmabantur.

404 2160 430 2241 3
457 2167 576 2243 Subiit
605 2193 691 2266 ergo
720 2168 758 2240 in
786 2183 952 2243 montem
980 2169 1098 2243 lesus:
1129 2181 1168 2240 et
1195 2166 1245 2239 ihi
1278 2165 1433 2240 sedehat

298 2316 382 2368 cum
418 2294 605 2392 discipulis
634 2296 723 2370 suis.

405 2415 548 2496 dErat
579 2435 703 2497 autem
732 2425 940 2520 proximum
972 2422 1113 2500 Pascha
1140 2419 1351 2495 diesfcstus
1369 2418 1432 2493 lu-

296 2547 483 2622 dacorum.

400 2669 426 2749 5
454 2676 546 2753 Cum
575 2677 803 2754 sublevasset
836 2703 922 2776 ergo
951 2676 1077 2753 oculos
1100 2674 1217 2760 lesus,
1245 2683 1284 2746 et
1309 2671 1428 2748 vidis-

295 2813 353 2875 set
380 2802 464 2899 quia
501 2803 695 2880 multitudo
725 2806 886 2879 maxima
919 2803 1021 2878 venit
1054 2803 1226 2885 adeum,
1254 2798 1349 2875 dixit
1381 2799 1428 2870 ad

294 2923 522 3024 Philippum:
553 2927 652 3004 Vnde
685 2953 851 3004 ememus
878 2951 1009 3025 panes,
1038 2937 1081 2999 ut
1108 2925 1328 2999 manducent
1354 2921 1427 2996 hit

400 3048 529 3129 61100
567 3069 691 3131 autem
719 3057 865 3130 dicehat
899 3066 1047 3127 tentans
1080 3075 1187 3125 eum:
1225 3051 1304 3147 ipse
1327 3050 1428 3123 enim

295 3178 433 3256 sciehat
469 3182 554 3278 quid
583 3195 683 3258 esset
715 3183 891 3256 facturus.
1327 3180 1332 3186 ’

399 3299 423 3379 7
451 3307 654 3407 Respondit
680 3309 714 3382 ei
741 3308 947 3406 Philippus:
978 3305 1227 3381 Ducentorum
1254 3300 1427 3378 denario-

290 3452 373 3504 rum
406 3456 519 3529 panes
548 3457 619 3508 nou
657 3433 840 3507 sufficiunt
867 3435 934 3516 eis,
966 3443 1009 3504 ut
1035 3429 1280 3526 unusquisque
1308 3427 1427 3500 mudi-

290 3579 373 3632 cum
407 3560 493 3657 quid
526 3560 693 3657 accipiat.
1354 3661 1358 3666 Ι

396 3678 421 3758 8
448 3685 544 3760 Dicit
571 3687 604 3759 ei
641 3709 734 3760 unus
764 3710 810 3760 cx
838 3685 1024 3783 discipulis
1048 3684 1139 3770 eius,
1159 3680 1322 3756 Andreas
1348 3679 1423 3754 fra·

288 3822 346 3884 ter
377 3810 534 3885 Simonis
567 3811 687 3885 Petri:

395 3933 419 4010 9
449 3937 514 4010 Est
543 3962 632 4035 puer
660 3961 753 4012 unus
781 3938 853 4022 hic,
887 3938 948 4035 qui
977 3937 1089 4010 hahet
1117 3936 1277 4041 quinqua
1306 3958 1421 4032 panes

852 4093 858 4105 l

359 4120 394 4191 (l)
412 4123 513 4178 Patrt't·
532 4125 571 4178 lle
588 4126 723 4192 interpret.
743 4106 895 4191 scriptula.
914 4137 980 4176 sacr.
995 4123 1025 4174 L.
1044 4122 1080 4174 ll.
1098 4122 1208 4188 Quaett.
1226 4107 1312 4175 llll.¹
