2986 4912
507 282 608 329 cinvr
632 280 751 328 natavit
1209 267 1231 335 9

78 366 244 448 apostolis,
266 371 298 428 ct
319 371 392 428 ante
415 367 498 446 ipsos
520 367 561 428 ab
582 367 653 428 aliis
675 364 814 442 ludaeis,
841 373 940 445 atque
969 367 1010 428 ab
1038 367 1223 448 interpreti-

78 471 139 532 bus
159 468 300 532 adbibita
321 468 457 530 suntad
478 486 594 531 verum
615 467 721 530 Deum
743 468 982 530 nominandum.
1001 466 1070 530 lmo
1084 469 1154 533 Deo
1176 473 1223 532 in-

78 572 219 651 spirante
239 570 322 633 illud
344 570 468 632 iactum
489 576 549 645 est,
573 570 613 631 ad
634 570 665 630 id
685 575 723 632 ut
742 569 1069 660 nomeniepog‚recta
1093 573 1223 636 notione

79 676 109 736 ci
122 676 288 752 subiecta,
311 682 444 739 aeterno
469 674 699 739 Gnosticorum
724 675 852 738 silentio
880 682 1113 754 opponeretur.
1137 675 1223 757 Lege
1290 735 1294 740 ,

78 775 240 857 Ignatium
253 773 306 856 t'l).
1193 764 1194 768 ¹

158 877 266 954 Quam
285 880 449 942 notionem
470 879 547 941 huie
567 879 688 941 nomini
714 876 848 941 loannes
874 879 1072 954 subiecerit,
1101 880 1225 944 dictum

77 980 232 1060 superius
253 986 314 1059 est3
337 980 448 1042 didicit
468 985 579 1042 autem
600 998 619 1041 a
640 976 770 1042 Christo
792 984 824 1040 et
845 997 863 1039 a
884 975 1008 1058 Spiritu
1029 986 1150 1042 sancto.
1171 978 1229 1041 Ni—

87 1079 134 1139 hil
162 1098 335 1142 commune
346 1100 388 1173 τῳ
401 1078 483 1173 λογῳ
500 1077 626 1141 loannis
655 1084 688 1141 et
701 1101 744 1172 τῳ
755 1078 838 1172 λογῳ
855 1076 1168 1159 Neoplatonicorum
1189 1099 1227 1142 ao

77 1181 247 1262 Philonis,
271 1203 375 1264 quum
396 1186 460 1246 alia
481 1205 617 1266 prorsus
639 1187 758 1249 horum
787 1184 879 1248 Trias
901 1206 938 1250 ae
959 1186 1016 1248 illa
1038 1205 1136 1266 quam
1165 1187 1226 1267 ipsi

78 1304 289 1366 veneramur3
306 1305 404 1366 quam
418 1293 595 1367 utramque
611 1307 680 1350 rem
696 1287 929 1365 Cudworthus,
946 1287 1148 1365 Brackerus,
1165 1288 1226 1351 Be-

80 1387 226 1451 nedictus
241 1386 454 1468 Carpzovius,
471 1388 670 1452 Moshemius
682 1390 768 1451 omni
780 1409 822 1452 ex
836 1396 930 1469 parte
945 1389 1221 1451 demonstrarunt.

159 1486 203 1549 Et
229 1485 355 1550 Verbum
377 1499 444 1551 erat
464 1491 549 1569 opud
570 1488 679 1552 Deum.
708 1488 819 1552 Primo
848 1490 981 1570 propria
1011 1508 1048 1550 ac
1078 1489 1227 1552 distincta

82 1588 262 1672 hypostasis
282 1588 392 1652 Verbo
414 1591 583 1670 tribuitur3
606 1609 680 1652 nam
700 1610 765 1653 non
786 1591 907 1653 dicitur
926 1588 963 1651 in
977 1587 1055 1663 Deo,
1071 1590 1127 1653 sed
1141 1592 1228 1670 apud

81 1687 193 1752 Deum.
217 1687 365 1752 Secundo
386 1691 534 1754 distincta
555 1710 574 1753 a
595 1698 704 1772 patre3
727 1710 800 1753 nam
822 1691 854 1752 in
875 1693 923 1753 his
945 1710 1012 1754 vox
1034 1689 1132 1752 Deum
1162 1710 1228 1754 non

80 1798 175 1854 sonat
194 1796 347 1854 naturam
368 1792 424 1854 sed
444 1811 628 1872 personam,
646 1798 716 1855 tum
738 1793 815 1873 quia
831 1793 984 1855 continuo
1000 1793 1163 1872 repetitur
1177 1812 1230 1856 ac-

82 1896 176 1971 cepta
197 1892 230 1952 in
250 1892 337 1954 hune
358 1893 502 1954 alterum
524 1911 665 1969 sensum,
682 1898 752 1955 tum
768 1893 856 1972 quia,
874 1911 977 1972 quum
991 1910 1069 1954 mox
1083 1890 1230 1954 Verbum

81 1992 211 2055 dicatur
230 2011 300 2055 esse
319 1991 425 2068 Deus,
456 1993 519 2055 diei
546 1994 660 2073 nequit
687 2013 756 2056 esse
782 1995 868 2073 opud
894 2000 1045 2056 naturam
1074 1993 1225 2057 divinam.

81 2090 168 2172 Lege
189 2091 236 2156 lo.
264 2090 375 2170 XVII,
397 2090 436 2170 5,
461 2094 539 2156 item
561 2092 744 2178 Cyrillum,
768 2091 1059 2178 Chrysostomum,
1083 2100 1115 2156 et
1139 2093 1228 2157 Rasi-

81 2195 166 2257 lium
180 2193 234 2276 (2).
258 2192 327 2258 Gur
346 2214 411 2258 non
425 2204 552 2276 petrem
580 2197 636 2259 sed
664 2194 765 2258 Deum
794 2194 929 2258 loannes
957 2197 1120 2274 nominet,
1150 2215 1228 2259 mox

85 2295 241 2359 dicemus.

162 2397 206 2460 Et
226 2398 310 2462 Deus
331 2407 399 2462 erat
425 2397 562 2463 Verbum.
586 2399 713 2463 Nomen
736 2398 822 2462 Deus
843 2400 874 2460 in
899 2400 961 2461 hoc
986 2401 1061 2462 loco
1087 2418 1150 2462 non
1174 2419 1230 2462 na-

84 2505 195 2562 turam
216 2501 271 2564 sed
296 2519 467 2582 personam
488 2508 590 2565 sonat.
614 2500 725 2564 Primo
747 2501 823 2581 quia
849 2516 969 2564 sensus·
986 2501 1072 2564 soret
1095 2502 1149 2565 vel
1174 2521 1229 2564 na-

83 2605 193 2663 turam
215 2602 356 2664 divinam
377 2622 446 2666 esse
467 2602 624 2679 Verbum,
648 2604 701 2665 vel
722 2600 868 2664 Verbum
889 2622 957 2664 esse
983 2609 1135 2665 naturam
1149 2602 1230 2666 divi-

81 2719 178 2778 nam,
200 2708 300 2782 prout
321 2703 375 2764 vel
396 2702 479 2764 Deus
500 2703 555 2766 vel
580 2700 708 2764 Verbum
729 2703 870 2765 habetur
889 2721 951 2782 pro
971 2703 1141 2782 subiect03
1172 2703 1228 2764 sed

81 2809 262 2883 utrumque
284 2805 389 2867 minus
410 2809 499 2866 recte
525 2804 690 2867 diceretur
711 2811 744 2866 ct
767 2809 928 2885 pugnaret
952 2822 1027 2866 cum
1052 2804 1230 2884 superiori-

82 2902 154 2965 bus.
178 2900 339 2980 Secundo,
361 2903 389 2965 si
409 2903 532 2966 diceres
546 2905 673 2966 nomine
689 2902 772 2965 Deus
793 2904 965 2983 significari
981 2908 1133 2965 naturam
1148 2903 1229 2968 divi·

81 3020 172 3080 nam,
196 3003 251 3066 sed
272 3022 336 3066 non
356 3003 525 3081 universe,
547 3023 683 3084 poneres
705 3023 776 3065 eam
791 3005 843 3066 vel
856 3023 920 3066 non
940 3022 1039 3066 unam
1059 3023 1146 3080 esse,
1174 3004 1227 3066 vel

81 3104 182 3167 dividi
203 3124 307 3186 posse.
320 3105 516 3169 —Verbum
543 3117 592 3169 est
618 3107 800 3169 subiectum
829 3105 1065 3168 enuntiationis.
1098 3103 1227 3168 Etenim

81 3203 217 3270 Ioannes
238 3209 270 3270 in
290 3210 353 3271 hoc
374 3211 448 3272 loco
469 3210 586 3271 docere
608 3208 720 3270 debuit
744 3222 808 3269 non
837 3207 915 3286 quid
953 3212 1071 3269 natura
1100 3207 1226 3282 divina,

80 3307 137 3375 sed
159 3308 237 3388 qnid
258 3308 406 3371 Verbum
427 3317 521 3373 esset.
545 3308 637 3374 Sicut
660 3311 692 3370 in
713 3309 817 3390 prima
845 3314 877 3371 et
909 3308 1050 3372 secunda
1084 3308 1231 3369 enuntia·

81 3408 169 3471 tione
196 3407 322 3472 Verbum
337 3412 420 3490 regit
440 3431 553 3475 vocem
574 3420 654 3484 erat,
671 3413 716 3473 ita
737 3412 769 3472 in
789 3412 850 3473 hac
873 3411 981 3472 tertia.
1006 3408 1176 3472 Articulus
1198 3409 1229 3470 id

83 3510 264 3574 confirmat.
289 3509 422 3574 Inversa
443 3531 522 3592 ergo
544 3518 592 3576 est
612 3513 802 3593 propositio,
824 3512 909 3573 sicut
929 3530 1007 3574 mox
1028 3530 1081 3574 vv.
1102 3508 1132 3573 3.
1155 3504 1176 3574 lt
1197 3515 1230 3572 et

82 3607 131 3672 Io.
156 3607 364 3692 lV,2lt.Lege
386 3611 561 3697 Gyrillum,
587 3613 869 3695 chrysostomum,
883 3611 1039 3674 Basiliam
1053 3608 1234 3690 (3),0rige·

145 3917 189 3987 (1)
208 3920 324 3984 Magnes.
344 3918 369 3967 8.

155 4010 190 4077 (2)
214 4013 243 4063 L.
268 4027 292 4061 o.
317 4013 343 4062 3.

154 4102 190 4172 (3)
209 4106 239 4156 L.
260 4120 284 4156 e.
305 4104 331 4155 i.
