2986 4912
582 328 684 380 canor
706 328 910 381 nvonscuvu
1263 316 1323 390 115

252 433 286 480 1.
308 411 339 481 5.
366 411 528 480 Trecentis
548 415 701 479 denariis.
724 415 784 481 Ast
802 417 836 479 in
863 416 978 482 Marco
1008 424 1078 484 est:
1111 417 1191 484 Plus
1221 441 1317 504 qnam

177 513 325 578 trecentis
344 513 487 578 denariis
502 512 556 596 (1).
573 513 699 580 Verum
720 514 855 581 Ioannes
869 537 972 583 unum
987 517 1113 599 Iudam,
1130 522 1187 602 qui
1202 525 1318 588 mussi-

174 616 266 694 taric,
288 617 444 694 nominat,
466 613 599 679 Marcus
626 622 659 679 et
678 615 865 681 Matthaeus
886 620 1072 701 complures
1093 621 1194 687 luisse
1214 624 1316 688 aiunt,

172 717 249 785 Non
271 736 384 782 omnes
404 717 490 782 illud
511 723 716 798 unguentum
736 736 840 798 aeque
861 737 937 782 aare
957 721 1181 786 aestimarunt.

244 837 278 884 1.
300 817 330 885 6.
359 815 447 895 Ques
465 815 1031 911 11111111111ταβαλ11μ1111111
1050 820 1266 886 iniicebenteer
1286 826 1319 887 in

170 917 311 983 loculos·
324 917 529 982 -Portabal
545 917 736 1012 ἐβασταζεν.
752 931 871 1010 Liquet
890 927 953 990 hoe
973 925 1075 997 verbo
1101 923 1254 986 Ioannem
1274 923 1316 984 si·

139 1038 150 1049 ·
173 1014 331 1096 11111111
345 1018 488 1085 voluisse
509 1030 548 1088 ut
568 1023 666 1091 Iudas
686 1027 839 1109 pecunias
853 1025 914 1088 sibi
927 1022 1066 1087 ereditas
1081 1020 1264 1101 surriperet
1276 1038 1316 1083 ae

174 1116 357 1183 furaretur.
380 1117 519 1186 Frustra
540 1130 648 1190 tamen
668 1134 746 1192 sunt
765 1128 823 1208 qui
842 1125 1006 1189 notionem
1033 1139 1166 1202 quoque
1191 1122 1315 1200 auferre

173 1219 254 1284 unte
274 1221 377 1286 verbo
397 1222 549 1306 affingere
570 1237 743 1307 conantur,
761 1248 846 1311 quae
866 1229 896 1292 ei
916 1227 1061 1292 sublecta
1081 1241 1243 1303 nusquam
1263 1241 1315 1286 re·

174 1321 324 1402 peritur,
346 1342 453 1404 neque
473 1328 506 1390 in
526 1327 644 1395 Matth.
668 1330 770 1410 VIII,
792 1328 1063 1412 171211111111
1084 1324 1131 1391 Io.
1154 1323 1239 1402 XX,
1264 1322 1314 1390 15.

174 1421 261 1487 Nam
281 1420 461 1514 βασταξειν
481 1445 610 1511 semper
629 1433 715 1496 idem
736 1433 883 1497 1111111
904 1449 983 1492 ones
1003 1428 1136 1508 aliquod
1150 1428 1245 1508 serre,
1266 1426 1319 1488 da·

173 1524 280 1591 iniere
290 1548 309 1603 ;
337 1529 371 1592 iu
400 1532 463 1595 boe
482 1538 594 1596 autem
613 1532 689 1596 loeo
709 1533 835 1595 urbane
856 1536 889 1594 et
909 1529 1013 1592 111111
1033 1545 1094 1609 pro
1115 1523 1271 1606 surripere
1295 1542 1316 1586 a

173 1625 295 1693 Ioanne
315 1638 512 1714 usurpatum
531 1640 591 1698 est.

254 1748 288 1795 1.
309 1729 341 1795 7.
365 1730 491 1798 Graeca
511 1735 557 1799 sie
577 1741 710 1799 sonante
732 1731 809 1799 Sine
827 1732 930 1814 ipsam
939 1752 957 1806 ,·
977 1731 1015 1794 in
1036 1728 1118 1792 diem
1138 1727 1317 1807 sepultarae

175 1847 261 1893 eneae
279 1833 419 1897 11111111
436 1833 560 1916 ipsum,
581 1854 646 1900 non
666 1836 749 1899 illud
770 1834 936 1917 proludit,
959 1839 997 1896 ut
1017 1837 1131 1912 putas,
1154 1829 1210 1892 sed
1231 1829 1317 1892 idem

176 1930 255 1995 iecit
277 1951 319 1998 11
336 1935 363 1998 si
382 1943 545 2001 servasset
565 1938 605 2001 ad
626 1937 812 2017 ungendum
834 1954 953 2017 eorpus
975 1950 1107 2011 meum,
1144 1949 1247 2010 quum
1267 1947 1316 1992 se-

174 2032 294 2114 pulcro
306 2036 524 2100 mandandum
538 2039 612 2118 erit3
628 2057 713 2119 quae
728 2043 777 2102 est
790 2037 947 2101 sententia
961 2053 1060 2116 quam
1081 2038 1114 2100 et
1128 2030 1315 2095 Matthaeus

172 2139 210 2197 11
227 2131 361 2199 Marcus
381 2136 415 2198 iu
435 2138 518 2200 haue
537 2137 760 2200 narrationem
780 2138 976 2200 retulerunt.
1314 2131 1316 2135 ’

256 2253 288 2299 1.
308 2232 340 2301 8.
364 2234 470 2301 Breve
490 2238 575 2301 enim
596 2234 755 2319 temporis
769 2238 912 2319 spatium
937 2240 1108 2318 superest,
1141 2251 1209 2313 quo
1241 2232 1314 2312 quis

175 2334 363 2401 huiusmodi
383 2338 488 2402 officia
507 2340 540 2402 in
561 2358 612 2404 me
632 2341 770 2422 implere
790 2346 910 2421 queat,
938 2357 1003 2402 uon
1022 2338 1101 2401 item
1121 2336 1154 2399 in
1175 2352 1314 2416 egenos,

175 2454 321 2515 quorum
340 2457 519 2520 numquam
539 2458 603 2504 non
624 2442 718 2523 eopia
737 2446 797 2505 est.

154 2530 161 2539 ’
255 2558 309 2605 11.
331 2535 382 2607 10.
404 2538 454 2605 11.
477 2539 633 2606 Clausula
653 2541 765 2607 Ioanni
785 2543 915 2607 usitata.

254 2658 287 2705 1.
308 2639 359 2706 12.
381 2639 473 2706 Istud
486 2641 529 2706 In
548 2641 724 2707 crastinum
744 2645 868 2708 dietum
888 2649 956 2721 est,
980 2660 1047 2706 uon
1065 2658 1157 2704 more
1177 2636 1315 2706 ludaeo-

172 2759 264 2819 rum,
286 2743 414 2807 dierum
434 2744 523 2807 initia
543 2745 732 2809 ducentium
751 2765 771 2808 1
790 2746 868 2808 solis
889 2763 1020 2821 occasu,
1037 2748 1070 2806 et
1089 2741 1208 2822 quibus
1228 2756 1314 2802 unus

173 2849 275 2923 atque
294 2845 381 2908 idem
397 2846 465 2910 dies
478 2845 542 2910 luit
560 2865 628 2928 quo
643 2844 790 2911 Christus
804 2848 910 2928 primo
924 2843 1099 2909 Bethaniae
1113 2840 1263 2906 coenavit
1275 2857 1315 2904 11

174 2947 392 3026 pernoctavit,
414 2947 529 3012 deinde
549 2947 810 3032 Hierosolymam
830 2947 902 3024 ivit,
923 2947 980 3010 sed
1001 2963 1093 3020 more
1113 2942 1315 3025 populorum

174 3047 295 3127 qulbus
314 3048 383 3113 dies
401 3049 559 3131 incipiunt
576 3051 679 3114 noetis
693 3049 809 3113 medio.
826 3047 912 3130 Lege
927 3047 996 3111 Lib.
1013 3045 1061 3109 III
1076 3045 1116 3109 de
1129 3042 1315 3124 Evangelia

174 3145 499 3217 1111111114.
532 3150 647 3232 Itaque
678 3149 828 3216 Christus
856 3149 1121 3233 Hierosolymam
1150 3146 1315 3226 ingressus

174 3249 281 3314 veluti
300 3252 503 3333 triumphans
523 3260 572 3317 est
590 3271 674 3315 anuo
695 3271 762 3316 aer.
786 3255 876 3333 vulg.
892 3250 944 3330 29,
961 3252 1012 3315 die
1030 3248 1071 3315 13
1090 3249 1208 3312 mensis
1227 3263 1315 3309 mar·

176 3351 227 3428 tii,
247 3346 289 3418 10
308 3354 424 3416 mensis
444 3353 579 3430 nisauis,
611 3353 718 3435 primo
747 3353 983 3416 hebdomadae.
1019 3349 1250 3413 Animadverte
1277 3351 1317 3410 ut
1363 3363 1369 3381 ‘

174 3449 278 3514 luerit
295 3452 351 3516 ille
372 3453 439 3516 dies
458 3454 596 3531 mensis,
629 3473 696 3534 quo
718 3453 773 3516 dio
800 3472 901 3534 agnus
937 3453 1010 3533 lege
1031 3450 1213 3530 eligebatur
1241 3463 1317 3527 pro·

175 3552 268 3616 ximo
287 3553 438 3617 sollemni
455 3555 616 3636 paschatis
637 3553 825 3618 mactandus
841 3551 895 3633 (3).

257 3671 290 3719 1.
311 3651 362 3719 13.
384 3652 532 3733 Ioannes,
546 3672 640 3718 secus
660 3672 699 3717 ac
719 3653 858 3729 solebat,
874 3650 1068 3715 hebraicum
1081 3648 1226 3710 borenna
1249 3645 1317 3709 siue

176 3751 395 3836 explicatione
414 3755 593 3835 praeteriit.
620 3751 695 3818 Vox
725 3762 893 3842 asperata,
925 3748 1158 3815 vetustioribus
1188 3744 1316 3810 Iudaeis

248 3967 388 4038 (1111111.
408 3970 481 4039 XIV,
500 3970 526 4022 5.

251 4061 288 4128 (2)
305 4063 374 4129 2⁶80
386 4063 484 4118 Patrit.
496 4063 552 4116 Lib.
572 4066 584 4117 l
603 4065 640 4119 Its
659 4065 820 4130 interpretat.
839 4063 986 4127 seripturar.
1007 4073 1074 4111 saer.
1095 4071 1122 4109 n.
1142 4052 1185 4105 31.

250 4154 287 4222 (a)
304 4157 352 4209 nx.
371 4157 430 4226 ms,
451 4156 524 4207 o-c.
1101 4231 1142 4301 10
