2986 4912
498 330 600 378 canvr
624 328 752 379 suarim
1156 301 1196 386 79

62 430 113 487 tra
141 441 179 486 ea
203 440 282 486 vero
309 419 400 484 nulla
426 423 476 481 est
502 416 676 498 explicatio
699 415 818 496 prioris
842 414 1030 479 conditionis
1060 416 1088 478 ri
1118 419 1188 500 quis

62 525 181 599 credat,
206 523 324 602 quippe
345 538 429 601 quac
458 517 629 598 perspicua
656 517 707 593 sit,
734 516 912 579 esttamen
939 519 1126 598 posterioris
1160 522 1188 584 ei

59 624 132 707 quie
144 621 381 688 manducaverit
400 621 564 686 enuntiata
585 620 649 681 illis
669 619 776 682 verbis
797 628 825 681 et
839 619 950 700 panis,
964 640 1052 703 quern
1067 641 1120 703 eqo
1134 624 1189 685 da-

62 728 119 802 ho,
148 746 222 789 caro
246 745 313 788 mea
344 733 389 786 eat
409 743 469 803 pro
488 720 600 785 mundi
620 721 697 782 nita.
721 721 773 785 Ex
803 723 864 785 hac
892 726 1106 804 explicatione
1127 728 1189 790 tria

61 829 257 908 colligimus.
287 824 433 888 Primum
468 830 516 886 cst
533 842 672 904 panem,
701 823 830 902 dequo
857 825 965 903 agitur
993 826 1025 886 in
1058 828 1119 890 hac
1142 847 1191 891 sc-

63 929 169 992 cunda
193 928 349 990 sermonis
370 933 473 1006 parte,
489 926 629 985 nondun
649 925 768 1000 datum,
791 930 889 1003 atque
911 927 950 985 ab
971 925 1039 1006 ipso
1061 925 1191 992 Christo

65 1032 204 1093 Mndum
230 1030 340 1108 luisse,
366 1046 430 1091 non
460 1046 538 1106 ergo
565 1027 617 1089 hic
635 1025 745 1105 panis,
771 1028 1042 1105 quemadmodum
1069 1031 1101 1091 in
1127 1033 1194 1112 pri-

65 1150 120 1194 ma
146 1136 250 1211 parte,
277 1135 326 1191 est
352 1129 419 1208 ipsc
443 1124 590 1190 Christus
614 1133 653 1188 ut
679 1125 826 1188 obiectum
849 1125 934 1206 fidei,
959 1130 1076 1209 quippe
1097 1152 1194 1212 quem

63 1231 157 1296 nobis
177 1237 270 1311 pater
290 1231 354 1292 iam
375 1228 522 1291 dedisset.
536 1225 687 1289 Alterum
708 1232 756 1289 cst
775 1227 880 1308 primo
902 1219 1101 1294 hemistichia
1119 1253 1194 1297 ver-

64 1350 121 1396 sus
140 1329 181 1395 52
201 1348 330 1393 sensum
353 1331 441 1391 hunc
461 1347 541 1391 esse:
558 1325 594 1390 Si
607 1325 677 1408 quis
690 1328 929 1391 manducaverit
944 1349 1069 1394 carnem
1082 1351 1192 1409 meam,

67 1432 152 1494 oinct
179 1430 215 1493 in
243 1440 411 1493 aeternum.
440 1429 528 1493 Num
555 1430 635 1492 haec
662 1434 768 1509 potest
795 1432 984 1511 metaphora
1011 1452 1079 1497 esse
1098 1435 1195 1499 iidem

68 1533 247 1614 significans
256 1530 272 1595 'i
295 1529 441 1594 Tertium
456 1531 592 1609 denique
613 1539 662 1592 est
681 1548 797 1592 nomen
812 1530 911 1610 panis
931 1531 963 1592 in
976 1533 1037 1595 hac
1057 1536 1196 1598 secunda

69 1635 226 1697 sermonis
240 1638 332 1714 parte
347 1632 554 1693 immutatum
568 1649 637 1692 csse
657 1649 861 1710 nequaquam
881 1650 985 1712 posse,
1001 1633 1055 1695 sed
1077 1634 1108 1696 in
1122 1655 1196 1716 pro-

68 1734 179 1815 prium
202 1752 352 1809 sensum,
381 1751 447 1812 quo
472 1730 573 1792 cibum
604 1731 780 1810 significat,
803 1734 967 1812 usurpari.
997 1732 1125 1796 Etenim
1146 1736 1198 1799 fac

68 1837 276 1897 immutatum
301 1852 380 1896 csse.
406 1831 593 1896 Immutatio
620 1851 684 1894 non
704 1833 768 1893 alia
795 1851 862 1894 esse
889 1840 997 1913 posset
1019 1854 1057 1898 ac
1083 1837 1116 1898 in
1131 1839 1197 1918 pri-

64 1955 118 1999 ma
141 1944 245 2017 parte3
266 1936 292 1998 si
312 1935 396 1998 enim
416 1935 479 1996 alia
500 1938 594 2010 esset,
616 1953 688 1996 eam
709 1923 855 1997 Christus
880 1935 1045 2015 explicare
1070 1938 1196 2002 debuis-

70 2044 131 2115 set,
162 2039 250 2117 quod
276 2043 384 2099 tamen
403 2053 465 2098 non
493 2036 579 2097 iecit.
606 2032 653 2097 Sit
677 2054 754 2114 crgo
779 2036 890 2097 eadem
911 2037 995 2099 sicut
1015 2043 1062 2100 est
1082 2038 1114 2098 in
1134 2041 1199 2120 pri-

73 2159 126 2202 ma
139 2145 242 2220 parte.
259 2137 350 2201 Hanc
366 2138 621 2200 immutationem
636 2133 782 2200 Christus
804 2138 867 2198 iam
886 2138 1117 2218 explicaverat,
1133 2160 1199 2219 quo

71 2243 138 2306 iam
159 2242 295 2322 quisque
320 2241 446 2319 assequi
466 2240 624 2320 potuisset
637 2241 714 2319 quid
728 2241 785 2301 illa
798 2240 1013 2319 significarent
1030 2250 1201 2322 quaesunt

72 2363 93 2405 a
117 2362 148 2406 v.
165 2338 206 2408 lu
226 2342 267 2404 ad
287 2342 429 2403 medium
449 2360 480 2404 v.
501 2338 553 2417 52,
578 2341 748 2420 siquidem,
777 2345 815 2402 ut
838 2359 923 2402 nunc
944 2343 1084 2421 positum
1104 2344 1202 2408 habe-

73 2463 159 2522 mus,
185 2462 223 2505 ea
248 2444 371 2505 ratione
393 2448 497 2505 essent
520 2443 701 2521 immutata3
724 2460 802 2521 ergo
823 2461 886 2504 non
906 2447 977 2504 erat
997 2447 1034 2505 ut
1055 2441 1201 2508 Christus

73 2545 182 2608 denuo
206 2545 406 2625 explicaret,
435 2549 493 2606 aut
526 2548 615 2606 certe
638 2561 702 2605 non
725 2544 820 2605 aliter
848 2543 882 2604 id
906 2543 976 2605 fieri
1007 2547 1203 2624 oportuisset

74 2647 135 2710 nisi
160 2647 268 2725 itaut
292 2645 457 2708 translatio
482 2645 549 2709 sive
572 2645 762 2724 metaphora
787 2645 886 2724 magis
910 2647 1076 2726 magisque
1100 2648 1204 2710 clarc-

75 2755 139 2812 ret.
171 2748 295 2812 Verum
321 2747 468 2811 Christus
494 2765 629 2827 prorsus
653 2765 671 2808 e
695 2748 858 2810 contrario
887 2747 1037 2824 iecisset,
1074 2749 1204 2811 conclu-

75 2851 153 2913 dens
176 2850 329 2912 nimirum
344 2849 401 2910 tali
419 2848 645 2927 explicatione,
671 2867 754 2927 quae
775 2848 866 2909 novis
887 2849 1084 2928 metaphoris
1105 2853 1203 2927 atque

76 2951 319 3014 obscurioribus
343 2949 480 3012 inductis
501 2967 569 3010 rem
593 2949 737 3028 apprime
756 2947 914 3027 liquidam
935 2949 1203 3028 perspicuamque

77 3053 159 3115 mire
172 3052 382 3133 implicuisset
395 3051 674 3128 obscurassetque.
691 3047 776 3128 Lege
796 3049 881 3110 enim
901 3067 1014 3111 versus
1035 3045 1075 3113 48
1094 3055 1126 3112 ct
1147 3051 1203 3129 qui

73 3158 257 3231 sequuntur
278 3172 383 3232 usque
410 3154 450 3215 ad
477 3152 618 3214 medium
638 3171 669 3214 v.
696 3148 756 3227 52,
784 3157 827 3226 et,
840 3169 923 3228 quae
944 3151 1036 3230 legis,
1059 3151 1104 3213 sic
1125 3169 1199 3214 eon-

78 3254 149 3334 cipe
169 3272 206 3315 ac
221 3253 247 3315 si
261 3251 360 3332 panis
375 3250 539 3314 Christum
553 3250 746 3330 significaret
766 3257 805 3312 ut
825 3249 898 3311 fidei
913 3250 1085 3330 obiectum3
1106 3271 1205 3330 quae-

77 3353 154 3415 dam
173 3354 374 3415 incommode
395 3352 524 3431 quidem
548 3351 633 3413 dicta
658 3351 893 3430 deprehendeS,
917 3351 971 3412 scd
992 3370 1055 3413 non
1076 3353 1204 3415 omnino

77 3457 228 3519 obscure.
251 3455 336 3535 Lege
356 3456 452 3518 modo
474 3454 722 3535 explicationem
743 3454 884 3515 additam
904 3454 936 3512 in
951 3453 1012 3515 fine
1024 3472 1137 3516 versus
1151 3451 1202 3532 52,

79 3576 145 3637 qua
167 3558 385 3634 concluditur,
402 3563 434 3618 et
454 3557 518 3617 iam
538 3557 644 3618 omnia
664 3557 803 3618 tenebris
828 3556 979 3636 perfundi
997 3557 1203 3620 videbuntur.

79 3657 168 3722 Num
190 3656 355 3722 Christum
380 3658 424 3719 ita
450 3659 626 3736 loquutum
647 3675 715 3719 esse
740 3654 918 3736 putemus?
939 3655 1022 3718 Tum
1042 3676 1139 3736 quam
1159 3659 1206 3718 in-

80 3761 235 3821 concinna
256 3778 354 3839 quam
379 3759 485 3838 inepta
506 3759 562 3819 illa
583 3758 764 3820 immutatio
785 3757 892 3819 carnis
915 3759 1153 3819 manducandae
1174 3766 1207 3822 et

80 3859 248 3940 sanguinis
267 3859 390 3921 bibendi
409 3861 590 3941 proverbe
612 3861 731 3921 credere
756 3857 934 3940 usurpata!

161 3980 192 4025 v.
221 3957 271 4024 53.
298 3959 388 4025 Sicut
408 3962 441 4022 in
465 3962 568 4041 prima
592 3961 747 4023 sermonis
774 3967 866 4041 parte
894 3961 1064 4024 acciderat.
1096 3959 1206 4046 Iudaei

81 4079 290 4124 murmurare
314 4066 531 4142 occeperunt,
556 4061 611 4123 sed
635 4060 712 4122 item
743 4079 806 4123 non
833 4067 906 4124 ante
934 4081 1030 4141 quam
1059 4060 1206 4124 Christus

83 4181 152 4226 rem
176 4163 269 4243 plene
293 4163 497 4227 declarasset.
519 4160 691 4229 Senserunt
714 4180 792 4242 ergo
812 4169 975 4243 postrema
995 4162 1094 4228 verba
1115 4182 1146 4227 v.
1166 4158 1207 4225 52
