2986 4912
530 326 631 372 clava
655 326 794 371 nnctnvu
817 326 971 382 ovaurvu
1265 309 1325 378 tu

264 411 434 474 Peroratio
460 418 494 475 et
515 410 703 487 conclusio,
736 411 855 489 inqua
876 408 1023 474 Christus
1044 411 1149 491 primo
1186 430 1238 473 vv.
1269 409 1320 474 25.

183 509 225 574 26
245 511 402 592 praedicit
422 511 590 592 discipulis
606 511 676 572 iore
691 516 740 587 ut,
756 528 982 589 quaecumque
1000 511 1067 590 ipse
1082 530 1136 574 eos
1152 511 1321 587 docuerat,

184 612 264 672 haee
294 609 431 692 Spiritus
462 618 591 673 sanctus
633 611 677 674 eis
699 606 869 705 ὑπομνησῃ
901 608 938 671 ie
967 609 1147 673 memoriam
1176 619 1296 672 reuocet
1305 655 1317 696 ,

184 718 297 782 deinde
319 739 350 782 v.
373 717 413 783 27
435 738 548 801 pacem
570 720 629 781 sibi
651 739 726 782 eum
747 719 792 781 eis
813 738 881 782 esse
896 738 1061 800 porroque
1077 719 1223 782 iuturam
1237 719 1323 782 athr-

183 807 263 895 mat,
279 825 349 881 tum
370 838 423 882 vv.
446 817 496 882 27.
518 816 559 883 28
579 825 688 881 monet
708 839 763 882 eos
784 839 824 881 ne
845 838 1027 881 moerorem
1043 826 1231 899 metumque
1245 839 1321 901 pro-

183 928 258 1002 pter
278 923 541 1003 praenuntiatum
567 924 691 986 abitum
716 941 811 984 sunm
844 922 1046 1001 concipiant,
1077 940 1179 1000 quum
1210 924 1319 1004 potius

184 1023 344 1102 gaudendi
365 1042 478 1086 caussa
500 1025 561 1100 sit,
595 1024 819 1103 rationemque
840 1042 872 1086 v.
895 1018 936 1086 29
955 1021 1122 1101 subiungit
1142 1042 1202 1085 cnr
1226 1043 1320 1105 prae·

183 1123 403 1198 nuntiaverit,
437 1124 576 1202 denique
597 1143 628 1186 u.
650 1119 692 1189 30
712 1123 756 1184 ait
787 1122 880 1184 finem
902 1122 961 1184 sibi
982 1122 1174 1200 imminere,
1210 1125 1320 1186 mundi

182 1223 340 1304 principe,
363 1224 422 1286 etsi
444 1225 525 1285 citra
547 1242 641 1285 omne
662 1223 724 1297 iuS,
747 1227 932 1302 superante,
955 1229 1120 1301 postremo
1136 1241 1167 1285 v..
1183 1221 1235 1299 al,
1253 1206 1318 1303 que

182 1324 389 1386 manifestum
411 1325 529 1386 amoris
551 1331 649 1403 atque
670 1322 870 1386 obedientiae
901 1314 977 1399 erga
1008 1327 1135 1400 patrem
1165 1322 1318 1385 indicium

182 1425 347 1501 exhibeat,
371 1426 544 1506 discipulos
564 1444 675 1488 secum
690 1444 707 1486 e
723 1423 900 1486 coenaculo
922 1423 1031 1503 egredi
1051 1423 1142 1485 iubet
1158 1424 1318 1504 proditori

180 1526 311 1589 obviam
332 1527 449 1589 iturus.
725 1598 730 1609 ι

262 1647 293 1689 v.
314 1626 364 1692 26.
387 1626 503 1708 Neque
523 1629 629 1691 ullum
651 1627 886 1708 prophetarum
906 1624 994 1687 Deus
1015 1644 1160 1704 unquam
1185 1626 1217 1686 in
1237 1627 1318 1689 alte·

180 1727 251 1789 rius
272 1728 398 1790 nomine
420 1729 505 1808 misit
525 1728 585 1790 nisi
605 1729 637 1789 in
658 1748 730 1804 suo,
753 1745 871 1807 neque,
888 1733 926 1789 ut
947 1727 1080 1802 iaceret,
1097 1726 1204 1789 divina
1220 1728 1317 1790 maie-

180 1833 247 1888 stas
269 1825 404 1889 ierebat.
428 1826 516 1890 Num
537 1847 615 1907 ergo
636 1829 743 1908 ipsum
768 1827 925 1908 Spiritum
955 1834 1102 1897 sanctum
1133 1825 1166 1888 in
1197 1825 1316 1891 Christi

178 1927 315 2008 nomine·
328 1928 482 2005 mitteret,
505 1929 564 1991 nisi
586 1925 734 1991 Christus
755 1927 843 1990 Deus
864 1925 1176 2000 esset?—Diaeero,
1200 1945 1316 2008 graece

182 2024 271 2097 ἕιπον
291 2027 371 2093 diei.

260 2151 291 2194 v.
313 2128 364 2195 27.
387 2130 502 2194 Pacem
521 2149 630 2194 meam.
654 2130 740 2197 Nota
760 2129 910 2225 ἔμφασιν;
932 2149 996 2193 non
1024 2148 1137 2210 pacem
1168 2130 1314 2209 qualem·

166 2259 342 2320 «eumque,
375 2239 430 2301 sed
451 2257 572 2310 meam,
604 2239 699 2317 longe
720 2238 817 2298 aliam
839 2237 989 2300 videlicet
1009 2256 1047 2300 ac
1069 2238 1208 2300 mundus
1235 2238 1313 2301 dare

177 2343 264 2406 solet
284 2346 341 2403 aut
362 2346 477 2420 potest.
583 2344 585 2349 '
917 2330 919 2335 ’

259 2463 313 2507 vv.
335 2440 385 2505 27.
407 2438 457 2506 28.
481 2439 551 2505 Non
573 2440 712 2502 turbetur
732 2458 786 2502 eor
806 2449 941 2503 vestrum
962 2459 1058 2522 neque
1077 2440 1224 2522 formidet
1240 2460 1316 2522 pro-

175 2550 289 2626 pterea
311 2543 398 2623 quod
413 2540 548 2603 audietis
562 2540 637 2622 quia
652 2560 705 2620 epo
719 2540 791 2602 diei
804 2540 902 2603 cobis:
923 2541 1024 2614 Vodo;
1040 2562 1179 2622 namque
1192 2542 1311 2604 addidi:

177 2655 207 2708 et
226 2643 318 2706 aenio
338 2645 380 2706 cd
401 2663 463 2704 vos.
489 2641 575 2718 Quin
595 2642 672 2719 imo,
695 2640 724 2703 si
744 2640 916 2720 didiceretis
936 2661 995 2715 me,
1009 2641 1186 2722 panderetis
1205 2641 1313 2724 utique

176 2744 253 2831 quia
273 2747 367 2819 cado,
381 2764 456 2806 nam
470 2745 550 2805 vado
565 2744 607 2804 od
615 2751 752 2822 patrem,
768 2761 853 2822 quae
868 2744 1007 2805 maxima
1023 2743 1182 2822 gaudendi
1198 2762 1313 2807 caussa

177 2847 327 2928 proiecto
346 2847 437 2909 vobis
458 2846 499 2909 sit
513 2849 654 2925 oportet,
671 2836 843 2925 propterea
858 2842 934 2924 quic
943 2852 1036 2922 pater
1055 2843 1158 2905 maim·
1177 2863 1224 2906 me
1245 2855 1308 2918 est;

177 2950 291 3031 patris,
313 2949 457 3029 inquam,
481 2953 598 3009 natura
620 2965 703 3022 eam,
727 2965 792 3026 qua
813 2947 882 3008 sola
904 2965 971 3008 esse
993 2945 1118 3022 videor,
1136 2947 1310 3009 humanam

175 3052 322 3132 inquam,
344 3050 464 3116 infinite
485 3048 666 3130 praecellit,
689 3049 744 3110 sed
765 3056 798 3111 et
819 3046 908 3123 mihi,
924 3053 1038 3126 utpote
1060 3047 1139 3123 tilio,
1157 3066 1232 3111 cum
1253 3066 1309 3128 pa·

176 3160 227 3216 tre
247 3140 425 3216 communis
446 3158 506 3232 est,
524 3168 626 3230 quare
647 3150 687 3211 ad
709 3157 835 3231 patrem
856 3167 1017 3228 regresso,
1033 3149 1096 3209 iam
1111 3167 1175 3211 non
1195 3149 1310 3212 huma-

175 3271 216 3316 na
237 3253 315 3315 mihi
336 3250 537 3330 contingent,
560 3251 615 3312 sed
636 3249 693 3310 illa
714 3250 866 3312 beatitate
888 3249 982 3311 unice
1004 3248 1069 3311 irui
1091 3248 1222 3312 dabitur
1243 3269 1309 3329 qua

173 3361 268 3436 pater
289 3354 412 3416 fruitur
433 3370 583 3432 quaeque
602 3349 663 3412 Dei
683 3350 815 3431 propria
837 3355 895 3412 est.
919 3348 1003 3428 Lege
1025 3345 1198 3430 Gyrillum.

252 3475 285 3520 u.
307 3453 358 3521 29.
381 3453 508 3516 Idcirco
529 3457 639 3515 autem
660 3451 751 3514 vobis
772 3451 997 3531 praenuntiavi
1026 3467 1079 3512 me
1110 3449 1149 3510 ad
1182 3455 1308 3530 patrem

173 3557 380 3634 rediturum,
414 3562 452 3617 ut
472 3552 698 3634 praedictionis
719 3551 983 3632 implementum,
1017 3550 1104 3630 quod
1125 3550 1185 3628 ipsi
1205 3550 1308 3613 oculis

172 3658 289 3722 vestris
310 3656 459 3731 cernetis,
482 3659 673 3734 argumento
688 3652 778 3715 vobis
793 3653 834 3714 sit
848 3671 908 3713 cnr
923 3652 1000 3712 mihi
1015 3651 1139 3730 plenius
1155 3650 1303 3712 credatis.

252 3779 284 3821 v.
306 3752 357 3824 30.
385 3753 474 3837 Venit
493 3751 633 3855 ἔρχεται,
657 3759 802 3833 tempore
823 3752 995 3833 praesenti.
1026 3749 1113 3811 Venit
1132 3757 1171 3814 ut
1191 3757 1304 3814 contra

170 3861 337 3927 Christum
358 3866 505 3924 extrema
527 3866 627 3923 tentet
647 3865 746 3938 atque
767 3858 974 3940 experiatur,
998 3856 1054 3918 sed
1076 3857 1115 3917 ad
1137 3855 1303 3937 propriam

170 3961 462 4045 perniciem—Et
482 3960 518 4022 ia
538 3981 584 4024 me
605 3980 669 4023 aaa
691 3960 778 4022 habet
798 3958 985 4040 quidquam,
1009 3977 1112 4037 neque
1134 3963 1304 4038 peccatum

168 4083 276 4145 neque
297 4065 348 4126 ius
369 4063 486 4128 ullum.

1093 4216 1229 4326 ta¹
