2986 4912
530 303 631 352 curva
654 301 782 352 snxrvn
1180 290 1219 358 65

198 383 249 467 33
276 392 384 466 Panis
411 395 506 466 enim
533 391 600 466 Dei
627 407 696 505 est,
715 394 776 491 qui
803 393 848 466 de
876 393 976 467 caelo
1003 395 1210 486 deseendit,

88 532 129 596 et
154 519 218 594 dat
245 523 357 596 vitam
385 521 531 597 mundo.

196 642 248 723 34
274 648 462 723 Dixerunt
481 673 566 746 ergo
594 650 639 723 ad
666 672 771 724 eum:
801 648 966 737 Domine,
995 675 1139 750 semper
1165 655 1212 729 da

88 776 192 850 nobis
218 800 350 874 panem
377 778 484 852 huno.

192 897 242 979 35
270 903 373 978 Dixit
399 917 522 980 autem
550 905 602 979 eis
629 906 743 979 lesus:
763 905 840 1002 Ego
867 929 947 979 sum
975 907 1079 1003 panis
1097 910 1207 986 vitae:

84 1031 149 1128 qui
176 1031 276 1106 venit
302 1033 348 1105 ud
366 1055 439 1118 me,
458 1056 530 1106 non
557 1032 712 1108 esurietz
734 1034 850 1130 etqui
870 1034 984 1109 eredit
998 1034 1034 1106 in
1050 1058 1121 1123 me,
1135 1061 1208 1112 non

86 1159 187 1233 sitiet
213 1182 398 1257 umquam.

192 1282 242 1362 36
270 1287 339 1362 Sed
372 1287 446 1362 dixi
479 1287 582 1362 vobis
618 1288 701 1386 quia
737 1299 776 1361 et
801 1288 942 1362 vidistis
971 1311 1044 1377 me,
1072 1303 1109 1365 et
1136 1315 1207 1366 non

83 1415 244 1489 ereditis.

190 1535 240 1616 37
268 1543 398 1628 Omne,
435 1541 530 1640 quod
566 1544 629 1617 dat
661 1542 748 1615 mihi
777 1541 898 1630 Pater,
927 1544 973 1616 ad
991 1567 1050 1618 me
1071 1546 1204 1621 veniet:

82 1681 123 1742 et
153 1691 251 1751 eum,
277 1670 338 1767 qui
367 1669 466 1746 venit
492 1671 537 1743 ad
565 1693 638 1756 me,
665 1693 736 1743 uon
756 1670 911 1743 'eiiciam
937 1670 1055 1744 foras:

188 1790 239 1871 38
266 1797 350 1896 quia
376 1797 543 1872 descendi
570 1798 614 1872 de
643 1798 763 1882 eaelo,
791 1820 862 1870 non
889 1809 931 1872 ut
967 1799 1097 1874 faciam
1135 1826 1203 1877 vo-

81 1921 259 1998 luntatem
288 1948 421 2008 meam,
450 1925 514 1998 sed
540 1926 766 1999 voluntatem
793 1925 883 2010 eius,
912 1925 972 2021 qui
1000 1927 1099 2002 misit
1113 1951 1185 2003 me.

186 2043 237 2125 39
264 2051 361 2127 Haeo
389 2063 446 2126 est
478 2064 600 2126 autem
633 2051 800 2126 voluntas
819 2052 909 2138 eius,
928 2053 990 2155 qui
1008 2052 1108 2128 misit
1127 2078 1199 2144 me,

80 2174 211 2251 Patris:
244 2191 286 2254 ut
321 2202 440 2266 omne,
478 2181 572 2276 quod
604 2179 704 2254 dedit
736 2179 838 2266 mihi,
871 2203 942 2253 uon
969 2181 1120 2277 perdam
1153 2207 1199 2257 ex

78 2327 137 2391 eo,
165 2307 228 2380 sed
254 2307 468 2381 resuscitem
501 2307 590 2380 iilud
625 2307 662 2379 in
698 2306 894 2381 novissimo
926 2306 996 2380 die.

185 2427 236 2507 40
262 2433 359 2510 Haeo
396 2449 454 2510 est
485 2448 608 2509 autem
640 2435 806 2509 voluntas
842 2434 959 2508 Patris
1001 2435 1099 2520 mei,
1137 2437 1199 2533 qui

77 2561 177 2635 misit
212 2586 287 2636 me:
317 2576 357 2638 ut
393 2563 528 2650 omnis,
560 2563 621 2660 qui
649 2562 748 2635 videt
775 2561 928 2648 Filium,
957 2573 994 2635 et
1022 2563 1137 2638 eredit
1160 2564 1199 2638 in

76 2711 175 2771 eum,
207 2690 340 2765 habeat
368 2691 480 2764 vitam
500 2703 699 2776 aeternam,
719 2702 756 2762 et
770 2712 837 2785 ego
855 2688 1080 2764 resuscitabo
1108 2713 1195 2764 eum

77 2817 114 2891 in
146 2819 342 2893 novissimo
375 2818 445 2894 die.

182 2941 229 3022 41
262 2946 533 3022 Murmurahant
565 2971 650 3044 ergo
687 2945 809 3020 ludaei
840 2946 884 3020 de
921 2943 1000 3031 illo,
1029 2946 1112 3043 quia
1140 2947 1194 3019 di-

72 3075 200 3149 xisset:
233 3074 310 3172 Ego
343 3099 423 3150 sum
455 3075 559 3173 panis
594 3076 711 3159 vivus,
744 3073 804 3170 qui
823 3073 867 3148 de
886 3070 986 3146 eaelo
1009 3073 1190 3147 descendi.

178 3196 228 3276 42
254 3202 303 3278 Et
338 3205 517 3279 dicebant:
550 3203 674 3280 Nonne
706 3202 765 3277 hie
798 3213 855 3275 est
891 3201 991 3274 lesus
1015 3199 1110 3274 filius
1134 3201 1192 3275 lo-

69 3332 174 3428 seph,
202 3332 303 3405 euius
335 3356 401 3406 nos
432 3333 599 3408 novimus
630 3343 786 3429 patrem,
820 3341 857 3403 et
877 3326 1067 3403 matrem?
1086 3326 1189 3418 Quo-

67 3457 175 3531 modo
203 3482 288 3554 ergo
315 3459 401 3533 dioit
432 3459 503 3533 hie:
541 3456 631 3547 Quia
659 3459 703 3531 de
740 3455 840 3530 eaelo
877 3451 1076 3530 deseendit

172 3579 222 3661 43
250 3586 450 3684 Respondit
486 3610 572 3685 ergo
609 3587 724 3672 lesus,
757 3596 795 3658 et
827 3583 919 3657 dixit
960 3583 1039 3657 eis:
1069 3580 1187 3656 Nolite

65 3735 291 3788 murmurare
324 3714 361 3786 in
388 3714 555 3788 invicem:

170 3835 221 3916 44
248 3864 355 3917 nemo
390 3854 513 3940 potest
544 3843 665 3918 venire
689 3843 735 3916 ad
771 3865 842 3929 me,
875 3840 945 3917 nisi
972 3838 1101 3922 Pater,
1121 3837 1183 3933 qui

62 3968 164 4043 misit
195 3992 268 4058 me,
301 3971 455 4048 traxerit
487 3995 586 4049 eum:
621 3983 659 4047 et
687 3996 753 4068 ego
779 3967 1001 4047 resuscitabo
1034 3964 1181 4041 eumin

63 4097 262 4177 novissimo
299 4098 367 4176 die.

994 4215 1014 4278 5
