2986 4912
399 327 502 377 carm
527 326 666 374 oncrum
688 324 837 373 ocravvn
1132 306 1198 377 aba

57 423 126 497 boo
153 421 318 507 dixisset,
347 418 480 493 iterum
508 415 623 490 exivit
650 417 695 490 ad
724 416 904 503 ludaeos,
946 429 984 490 et
1010 416 1097 492 dicit
1128 416 1193 490 eis:

57 549 135 648 Ego
166 546 304 624 nullam
331 547 476 621 invenio
505 545 540 618 in
572 568 615 620 eo
643 566 805 618 oausam.
1112 642 1114 646 Α

166 672 217 754 39
245 676 313 751 Est
339 689 461 752 autem
489 673 711 749 consuetudo
739 671 842 746 vobis
869 683 911 745 ut
929 694 1040 746 unum
1073 672 1198 748 dimit-

59 821 135 881 tam
163 805 267 881 vobis
295 805 330 878 in
359 803 511 878 Pascha:
543 801 655 877 vultis
683 824 769 900 ergo
795 799 977 875 dimittam
1006 799 1109 874 vobis
1141 827 1202 877 re-

60 957 144 1033 gem
172 927 424 1008 ludaeorum?

170 1055 221 1136 dd
248 1061 507 1136 clamaverunt
520 1083 606 1158 ergo
620 1081 765 1135 rursum
780 1082 922 1146 omnes,
937 1060 1110 1136 dicentes:
1123 1058 1201 1136 Non

63 1191 173 1278 huno,
201 1191 263 1265 sed
292 1188 510 1264 Barabbam.
538 1187 628 1263 Erat
653 1199 777 1262 autem
804 1186 990 1265 Barabbas
1016 1189 1123 1266 latro.

511 1613 761 1667 conuunrtbtvtt

69 1925 102 1965 v.
124 1901 154 1967 i.
240 1922 362 1982 uremur
384 1914 440 1979 eet,
472 1925 513 1967 ex
544 1906 626 1969 urbe
647 1904 874 1988 Hierosolyma
902 1904 1076 1986 videlieet3
1107 1925 1207 1985 nam,

70 2025 155 2087 quae
177 2006 280 2067 relata
301 2013 376 2068 sunt
399 2007 430 2067 in
451 2007 556 2088 capita
577 2004 637 2069 XV
651 2003 793 2082 -xv11,
815 2002 963 2070 Christus
982 2007 1141 2087 loquutus
1162 2016 1211 2072 est

70 2106 149 2169 dum
170 2125 318 2187 egressus
333 2126 351 2169 e
366 2109 543 2173 coenaculo
563 2108 633 2169 ibat
654 2106 693 2168 ad
716 2107 806 2170 urbis
820 2112 959 2188 portam.
975 2106 1060 2187 Lege
1082 2108 1152 2173 Lib.
1177 2108 1208 2172 11

72 2207 112 2268 de
133 2205 317 2286 Evangeliis
340 2204 457 2269 Annot.
481 2202 604 2271 CLXV.
629 2205 784 2272 CLXVII.
807 2205 982 2272 CLXX.-
999 2205 1119 2272 cedron
1143 2216 1211 2272 tor-

72 2327 147 2371 rens
167 2315 228 2384 est,
251 2308 308 2388 qui
328 2308 452 2371 labitur
472 2326 531 2388 per
551 2308 670 2372 vallem
696 2309 930 2388 cognominem,
949 2310 1034 2372 inter
1057 2318 1210 2388 montem,

72 2408 107 2469 in
126 2428 192 2489 quo
214 2407 441 2490 Hierosolyma
462 2409 641 2489 positarum,
658 2410 808 2490 interque
827 2417 967 2473 montem
988 2409 1155 2475 Olivetum
1170 2413 1212 2475 ab

72 2518 151 2574 ortu
171 2518 404 2590 assurgentem.

155 2630 186 2673 r.
209 2608 238 2674 2.
262 2609 359 2674 ludas
381 2630 400 2673 e
421 2613 599 2675 coenaculo
613 2612 760 2676 ubiverat
779 2617 853 2676 ante
868 2608 1046 2692 Christum5
1062 2611 1120 2692 qui
1134 2630 1213 2692 ergo

74 2712 159 2776 scire
180 2714 287 2794 potuit
308 2711 474 2778 Christum
496 2733 565 2778 esse
585 2715 618 2776 in
639 2714 698 2779 illo
719 2716 815 2778 horto
827 2712 844 2778 ¹?
864 2711 926 2778 Sed
948 2714 1032 2776 enim
1053 2713 1106 2777 vel
1121 2711 1224 2777 Chri-t

77 2820 148 2877 stus
169 2812 298 2875 dixerat
317 2833 351 2876 se
372 2819 445 2895 post
465 2833 598 2877 coenam
619 2815 699 2878 illuc
719 2815 856 2892 iturum,
873 2814 926 2877 vel
946 2812 1043 2877 Iudas
1064 2832 1139 2877 cum
1161 2833 1216 2877 eo-

75 2915 171 2977 horte
202 2914 292 2994 prius
313 2915 402 2978 venit
421 2914 461 2977 ad
483 2910 718 2994 coenaculum,
742 2916 798 2978 ubi
823 2932 926 2996 quum
957 2912 1123 2980 Christum
1149 2933 1214 2978 non

76 3015 261 3092 invenisset,
277 3014 413 3078 coniecit
435 3035 510 3078 eum
526 3035 641 3080 versus
662 3015 850 3079 bethaniam
871 3016 1065 3090 discessisse,
1078 3033 1213 3098 esseque

76 3115 110 3177 in
131 3113 357 3190 Gethsemane,
374 3133 440 3196 quo
463 3116 650 3197 frequenter
669 3117 841 3181 convenire
861 3116 996 3180 solebat.
1009 3115 1219 3198 -Frequen-

76 3224 141 3288 ειη·
162 3216 316 3278 nimirum
336 3234 396 3296 per
415 3216 489 3279 illos
509 3223 689 3297 postremos
711 3218 797 3280 vitae
817 3216 896 3293 dies,
918 3236 1000 3297 quos
1023 3216 1213 3301 Hierosoly·

77 3335 149 3379 mae
170 3317 258 3396 egit,
281 3313 431 3380 Christus
453 3336 587 3397 vespere
617 3316 806 3380 Bethaniam
827 3317 894 3379 ibat
914 3323 1140 3398 pernoctatum
1162 3316 1217 3415 (t),

79 3437 249 3499 quumque
271 3418 327 3481 ille
348 3419 464 3482 hortus
485 3424 569 3481 esset
588 3418 737 3499 proxime
750 3419 849 3496 viam,
871 3418 904 3480 in
924 3437 964 3482 eo
984 3419 1217 3500 aliquantisper

80 3517 257 3581 subsistere
277 3519 395 3582 solitus
416 3518 516 3582 tuisse
536 3518 690 3583 dicendus
709 3525 768 3582 est.

157 3636 189 3680 v.
211 3616 242 3681 3.
266 3615 331 3693 Qui
352 3637 394 3680 ex
416 3615 549 3680 laternis
570 3628 598 3680 et
618 3617 740 3700 facibus
768 3628 996 3698 argumentum
1026 3619 1223 3700 depromunt

78 3725 116 3781 ut
129 3726 246 3798 negent
267 3738 349 3781 anno
366 3737 461 3782 aerae
479 3719 624 3799 vulgaris
638 3716 747 3782 XXIX
760 3719 844 3781 diem
860 3720 1001 3800 primum
1016 3737 1219 3804 azymorum,
1268 3703 1270 3715 ¹

80 3839 147 3903 quo
168 3821 219 3883 die
240 3820 390 3885 Christus
411 3820 503 3883 eruci
524 3820 609 3882 fixus
629 3826 692 3892 est,
714 3819 860 3883 incidisse
880 3820 912 3881 in
933 3820 1017 3882 diem
1037 3817 1078 3884 18
1098 3820 1219 3900 martii,

81 3942 137 3995 eos
165 3921 324 3985 refutatos
347 3922 502 3984 babemus
523 3922 555 3982 in
576 3921 646 3984 Lib.
679 3919 727 3983 lll
754 3922 795 3985 de
822 3920 1006 4001 Evangeliis
1033 3920 1117 3985 Diss.
1147 3919 1218 3985 L11.

81 4043 114 4086 n.
139 4020 190 4088 25.

90 4194 94 4203 ·
154 4170 190 4239 (t)
208 4173 275 4236 Lege
295 4172 353 4222 Lib!
365 4170 401 4220 ΙΙΙ
419 4171 457 4222 be
476 4170 599 4234 utingen
615 4170 685 4222 biso.
704 4168 795 4221 XLIX.
814 4184 842 4220 n.
862 4168 878 4220 b
897 4175 923 4222 et
942 4168 1005 4224 buo.
1027 4168 1155 4238 xxt,37.

1009 4255 1049 4324 tt
