2986 4912
478 344 581 394 clava
604 342 761 393 SEP'llltvll
1148 328 1188 396 95

55 449 152 512 annes
171 445 349 510 numquam
364 429 518 511 poputum
538 436 576 493 ut
594 430 627 491 in
648 427 695 491 lo.
718 425 814 505 Vlll,
835 428 878 506 2,
901 430 956 492 sed
978 429 1110 492 Iadaeos
1131 449 1188 494 vo-

55 541 117 627 cat.
139 531 265 596 Verum
285 532 411 595 codices
430 537 505 595 sunt
525 531 689 612 inquibus
710 548 773 594 non
787 553 849 610 πας
869 525 887 598 ὁ
910 530 988 611 laag
1014 529 1116 594 amois
1130 551 1189 613 po·

50 647 163 725 palas,
176 644 232 707 sed
257 665 321 723 πας
343 637 361 708 ὁ
385 640 483 733 ὄχλος
511 639 612 703 omnis
644 639 734 701 tarba
764 637 897 717 legitur,
919 638 1117 702 vocabulum
1143 639 1191 700 in-

56 768 156 828 quam
182 768 277 831 saepe
298 767 317 811 a
338 748 456 812 Ioanne
481 754 677 830 usurpatum
702 745 742 808 ad
770 744 979 824 designandos
1003 743 1191 828 Hierosoly-

54 850 160 913 mitas.
193 847 302 913 Tertio
337 850 533 923 scribarum,
569 850 626 929 qui
657 849 689 909 in
722 845 768 909 Io.
800 845 901 923 VIII,
929 844 950 909 3
980 853 1188 928 comparent,

55 953 147 1014 nulla
161 952 224 1014 alia
245 953 363 1015 mentio
389 958 437 1015 est
463 954 495 1014 in
523 953 585 1014 hoc
613 950 791 1030 evangelio.
821 947 974 1011 Attamen
1003 949 1036 1011 in
1060 951 1193 1027 quibus-

54 1053 130 1115 dam
151 1055 391 1134 exemplaribus
415 1073 479 1116 non
499 1052 618 1114 scribac
648 1060 676 1112 et
711 1048 880 1115 Pharisaei
901 1051 1118 1128 nominantur,
1134 1054 1190 1115 sed

50 1153 216 1235 pontifices
237 1164 265 1216 et
289 1153 480 1229 Pharisaei,
506 1154 562 1234 qui
593 1153 726 1232 utrique
757 1152 883 1231 saepius
914 1171 979 1214 una
1009 1154 1193 1216 consocian-

58 1262 114 1319 tur
153 1257 239 1337 apud
267 1256 430 1319 Ioannem.
453 1255 580 1331 Quarto
609 1253 743 1317 Ioannes
768 1255 847 1316 alios
868 1251 977 1316 Iesum
1001 1253 1193 1335 Mapistram

57 1359 288 1438 compellantes
309 1378 372 1421 non
393 1358 534 1434 inducit,
550 1357 605 1420 sed
630 1353 730 1418 Rabbi
744 1360 801 1418 aut
824 1352 986 1429 Rabboai,
1002 1357 1120 1420 addens
1141 1357 1192 1421 his

57 1458 227 1521 vocabulis
258 1457 443 1538 maqistram
474 1456 656 1536 algnilicari.
683 1453 744 1519 Sed
774 1456 837 1518 hoo
867 1455 914 1518 bis
946 1457 1117 1520 dumtaxat
1147 1458 1193 1522 le-

57 1559 114 1638 cit3
136 1559 308 1640 potuitque
330 1564 417 1621 certe
432 1559 532 1621 semel
546 1558 578 1619 id
593 1558 701 1620 lacere
716 1558 833 1619 omisso
848 1558 1010 1621 vocabulo
1025 1559 1190 1623 hebraico.

57 1657 155 1735 Tum,
178 1659 238 1722 etsi
259 1659 338 1721 allas
359 1660 504 1722 homiues
526 1657 633 1721 Iesum
664 1655 855 1738 Maqistram
876 1660 1107 1739 compellantes
1127 1680 1193 1723 non

58 1760 204 1836 inducat,
227 1760 351 1822 iuducit
372 1767 479 1823 tamen
500 1777 575 1820 eum
597 1759 658 1820 hoc
679 1758 840 1821 vocabulo
862 1760 1060 1839 appellantes
1081 1778 1119 1823 ac
1140 1760 1195 1824 de-

55 1860 217 1939 signantes
238 1857 286 1921 Io.
308 1858 367 1936 XI,
392 1857 442 1924 28.
467 1858 586 1923 Confer
607 1856 654 1920 Io.
678 1857 738 1934 III,
760 1857 1101 1936 aetxl11,13.mia
1123 1880 1195 1924 cor-

59 1961 200 2038 radere,
224 1980 307 2041 quae
329 1962 431 2024 aliena
453 1962 555 2048 siut'a
576 1959 702 2023 Ioannis
724 1961 888 2038 oratione,
911 1968 1011 2042 puto,
1034 1964 1191 2042 nequibis.

59 2059 157 2136 Quod
179 2045 263 2123 enim
285 2062 444 2140 quaedam
465 2061 498 2122 in
518 2061 566 2122 his
588 2061 735 2123 versibus
757 2080 853 2124 voces
867 2062 930 2124 sint
948 2063 1027 2124 alias
1042 2081 1061 2124 a
1076 2060 1196 2128 Ioanne
1224 2094 1228 2101 f

56 2181 124 2224 non
143 2162 318 2239 adhibitae,
341 2164 403 2226 hoc
425 2163 555 2241 quidem
576 2162 656 2223 nihil
676 2164 847 2226 conficitur
868 2165 907 2226 ad
928 2164 961 2226 id
981 2170 1020 2226 ut
1040 2165 1120 2227 haee
1141 2186 1193 2233 πε-

59 2293 180 2369 ρικοπη
197 2268 325 2333 Ioannis
345 2288 408 2332 non
429 2289 497 2333 esse
519 2270 659 2351 dicatur3
682 2289 756 2333 nam
778 2278 810 2334 et
830 2270 863 2332 in
883 2270 1012 2349 reliquo
1027 2270 1196 2350 evangelio

58 2377 220 2456 quaedam
240 2382 318 2439 sunt
337 2378 437 2439 semel
458 2377 629 2438 dumtaxat
649 2396 667 2439 a
689 2374 808 2439 Ioanne
830 2376 982 2438 adhibita.
1016 2374 1043 2440 E
1069 2381 1197 2439 contra·

55 2479 109 2540 rio
129 2478 164 2540 in
184 2479 245 2540 hac
266 2479 334 2558 ipsa
354 2478 540 2540 narratIone
563 2479 688 2558 aliquot
708 2479 889 2559 reperimus
911 2497 995 2559 quae
1016 2477 1094 2540 alias
1116 2495 1198 2557 quo-

59 2599 127 2658 que
148 2577 282 2642 Ioannes
303 2579 496 2659 usurpavit,
529 2598 708 2659 numquam
730 2599 809 2643 voro
831 2581 931 2643 ceteri
957 2579 1197 2658 evangelistae,

58 2687 159 2760 atque
179 2681 260 2744 adeo
283 2699 367 2760 quae
388 2678 514 2742 loannis
536 2682 669 2761 propria
690 2682 803 2743 haberi
825 2687 882 2743 aut
901 2685 1036 2762 possunt
1061 2687 1120 2742 aut
1143 2680 1199 2742 de-

57 2784 147 2845 bent.
169 2780 316 2845 Verbum
337 2777 601 2873 aacalapdaaatr
617 2783 840 2863 deprehendere
855 2781 902 2846 Io.
917 2780 1009 2859 VIII,
1025 2780 1055 2846 3.
1072 2777 1199 2846 dnum-

61 2906 163 2968 quam
184 2887 271 2968 apud
292 2887 372 2948 alios
393 2889 527 2967 legitur,
551 2888 610 2950 nisi
631 2888 731 2949 semol
752 2887 838 2967 apud
860 2884 1024 2965 Marcum,
1040 2891 1089 2947 ast
1106 2881 1200 2945 Ioan-

59 3008 118 3052 nes
139 2989 209 3051 aliis
232 3007 364 3068 quoque
385 2989 418 3049 in
437 2990 518 3051 loeis
541 3008 680 3052 cousus
702 2995 750 3051 est
769 2988 868 3066 inque
893 2988 1044 3049 eumdem
1068 3003 1199 3048 sensum

62 3095 210 3172 accepto.
233 3088 295 3152 Illa
320 3089 390 3153 Hoc
419 3099 522 3151 aatem
543 3089 686 3151 dicebant
707 3097 859 3151 tentantes
879 3106 947 3149 eam
973 3087 1099 3152 Ioannis
1123 3108 1198 3153 ora·

65 3191 147 3253 tioni
168 3197 343 3253 consonant
363 3190 503 3253 omnino.
529 3189 648 3256 Confer
669 3188 716 3252 Io.
739 3188 804 3266 VI,
832 3186 862 3253 6.
887 3187 968 3251 Item
993 3189 1050 3251 illa
1072 3193 1199 3271 Μηκετι

67 3297 239 3400 ἅμαρτανε
258 3300 304 3366 Ne
324 3301 411 3363 altra
427 3320 534 3380 pecces
555 3298 603 3361 Io.
619 3298 710 3377 VIII,
733 3295 772 3361 tl
794 3297 940 3376 nuspiam
962 3297 1021 3358 nisi
1040 3296 1073 3358 in
1093 3295 1141 3361 Io.
1157 3299 1199 3379 V,

64 3403 107 3472 ll
127 3408 212 3470 dicta
232 3407 309 3470 item
328 3409 494 3486 leguntur.
518 3403 583 3466 Pro
605 3402 706 3466 verbo
724 3397 898 3470 λιθσὲολειν
918 3399 1037 3480 lapides
1054 3400 1155 3466 iacere
1168 3407 1202 3468 in

66 3507 115 3571 Io.
138 3506 230 3586 VIII,
252 3507 271 3572 5
292 3510 355 3572 alia
377 3509 578 3589 exemplaria
598 3507 717 3568 habent
738 3507 874 3569 verbum
895 3502 1038 3589 λιθαζειν
1058 3506 1201 3587 lapidare

67 3611 110 3672 ab
130 3629 196 3673 uno
218 3608 336 3673 Ioanne
358 3612 437 3673 alias
458 3610 648 3672 adhibitum.
666 3609 780 3689 Neque
795 3626 813 3669 a
829 3606 954 3670 loannis
969 3610 1102 3672 consilio
1121 3612 1202 3675 haec

66 3712 213 3773 narratio
234 3712 380 3788 abludit,
405 3711 606 3790 quoderat,
629 3729 692 3772 non
714 3711 809 3773 modo
831 3711 871 3771 ad
892 3709 1008 3786 fidem,
1031 3712 1086 3774 sed
1108 3720 1140 3775 et
1160 3714 1201 3775 ad

69 3829 216 3873 amorem
237 3830 314 3892 erga
336 3810 442 3874 Iesum
474 3811 619 3873 homines
652 3811 805 3873 excitare.
840 3808 876 3871 In
907 3812 1033 3874 duobus
1065 3813 1202 3893 denique

70 3912 219 3975 versibus
240 3913 409 3993 postremis
429 3907 470 3978 lo
494 3918 526 3974 et
549 3908 588 3974 II
614 3911 723 3990 ecquis
745 3909 897 3973 Ioannem
917 3912 997 3973 haee
1017 3919 1203 3977 narrantem

70 4033 138 4077 non
157 4015 274 4078 sentiat
282 4013 298 4078 'l
313 4013 478 4091 Ceterum,
496 4032 598 4094 quum
612 4014 673 4074 hac
687 4012 726 4075 de
747 4031 783 4075 re
805 4013 941 4076 ecclesia
961 4012 1041 4075 nibil
1060 4031 1203 4094 pronun-

72 4117 215 4194 tiaverit,
238 4117 495 4179 condemnandus
517 4120 604 4178 certe
625 4115 681 4177 ille
702 4132 765 4176 non
785 4120 869 4177 esset
882 4115 950 4193 qui,
968 4133 1028 4194 pro
1044 4122 1133 4178 corto
1147 4118 1205 4178 ha-

72 4219 151 4284 beus
172 4219 254 4283 banc
275 4240 445 4319 capritanae
471 4236 539 4280 osse
568 4214 754 4282 canonicam
785 4221 818 4278 et
838 4213 1050 4286 deserueras,
1072 4224 1205 4297 negaret
