2986 4912
191 303 252 372 litt
528 318 558 369 tx
581 324 719 370 roiam
742 318 993 371 consueretur!

293 406 347 486 28
374 413 536 488 Audistis
562 415 647 511 quia
674 436 742 511 ego
769 415 844 487 dixi
864 415 979 488 robis:
1008 410 1122 499 Vade,
1150 424 1189 487 et
1219 411 1324 489 venio

189 538 235 611 nd
262 562 340 614 vos.
369 539 407 614 Si
433 540 633 636 diligeretis
651 563 725 625 me,
752 543 959 637 gauderetis
986 541 1124 640 utique,
1147 541 1234 639 quin
1263 566 1326 617 va·

187 666 235 741 do
260 668 307 741 ud
328 667 485 741 Patrem:
514 669 597 765 quia
617 666 727 743 Pater
754 669 869 743 maior
895 692 956 743 me
982 681 1055 744 est.

294 789 348 869 29
374 795 422 869 Et
448 820 544 870 nunc
569 796 644 869 dixi
671 797 775 870 vobis
792 797 895 896 prius
920 820 1031 895 quum
1057 795 1142 870 liat:
1173 810 1217 872 ut
1244 820 1329 872 cum

189 921 326 997 lactum
354 922 478 1007 inerit,
505 925 674 998 credatis.

297 1043 348 1125 30
376 1051 451 1123 lam
479 1074 551 1124 non
570 1050 685 1123 multa
717 1051 845 1148 loquar
873 1051 1072 1126 vobiscum.
1103 1051 1202 1127 venit
1230 1053 1329 1126 enim

191 1179 360 1277 princeps
376 1179 499 1252 mundi
518 1179 639 1264 huius,
667 1192 706 1252 et
732 1181 771 1251 in
784 1203 844 1253 me
863 1203 937 1254 non
964 1180 1075 1253 habet
1088 1181 1303 1278 quidquam.

298 1301 344 1382 31
376 1307 448 1380 Sed
473 1320 515 1381 ut
533 1321 727 1403 cognoscat
745 1309 902 1382 mundus
929 1308 1013 1406 quia
1036 1308 1144 1405 diligo
1165 1306 1329 1396 Patrem,

193 1449 233 1510 et
259 1437 354 1509 sicut
371 1435 582 1512 mundatum
600 1435 700 1510 dedit
727 1435 817 1510 mihi
831 1433 955 1522 Pater,
974 1436 1027 1510 sic
1046 1434 1153 1510 facio.
1168 1435 1329 1535 Sur-gite,

193 1584 319 1636 eamus
346 1562 443 1634 hinc.

696 1834 822 1851 und—.-

635 2043 889 2098 COMMENTARlVll

195 2272 248 2396 In
267 2335 331 2396 troc
352 2343 451 2415 capnt
471 2330 605 2397 loannes
630 2341 737 2398 cetera
758 2335 873 2399 retulit
893 2352 977 2414 qnae
999 2333 1147 2399 Christus
1166 2328 1330 2413 loquutus

195 2447 367 2515 estusque
387 2435 427 2496 ed
448 2454 615 2517 egressum
634 2454 653 2498 e
674 2436 863 2500 coenaculo.
886 2432 924 2496 ln
943 2436 1133 2499 universnm
1154 2435 1239 2497 haec
1257 2453 1330 2516 per·

195 2539 295 2602 tinent
315 2537 356 2599 ud
381 2544 561 2600 moerentes
592 2537 767 2616 discipulos
798 2537 1008 2600 consolandos
1038 2536 1136 2599 simul
1165 2518 1329 2616 simulque

197 2640 349 2721 appositis
376 2639 529 2701 doctrinis
557 2640 771 2703 instruendos.
795 2638 844 2703 Ea
865 2637 1034 2700 commode
1063 2639 1109 2700 ita
1139 2631 1325 2700 distribuas

195 2739 358 2824 Principio
379 2740 527 2806 Christus
548 2741 712 2823 discipulis
733 2743 854 2804 animos
876 2740 964 2803 addit
977 2760 1008 2806 v.
1026 2739 1057 2817 l,
1081 2739 1195 2802 deinde
1209 2738 1252 2802 de
1266 2738 1326 2802 lide

194 2845 397 2926 potissimum
417 2844 483 2922 agit
503 2862 557 2907 vv.
580 2840 628 2908 l·
640 2839 691 2921 lt,
707 2851 777 2907 tum
798 2843 837 2906 de
859 2842 994 2906 caritate
1015 2860 1069 2905 vv.
1084 2838 1125 2905 15
1137 2835 1218 2916 dt,
1240 2839 1328 2903 deni·

196 2964 261 3026 que
281 2948 415 3025 perorat
434 2950 532 3023 utque
553 2944 719 3008 concludit
738 2963 792 3007 vv.
812 2940 853 3006 25
866 2977 880 2988 ·
892 2938 943 3006 31.

275 3065 307 3108 v.
329 3039 360 3110 l.
385 3043 544 3122 Christus,
567 3051 640 3126 post
660 3050 808 3106 mutuum
829 3042 1034 3105 dilectionem
1055 3035 1220 3122 discipulis
1242 3059 1326 3105 conr*

197 3145 402 3221 montaum,
428 3146 519 3209 iubet
539 3164 593 3208 eos
614 3162 683 3208 esse
703 3145 771 3207 sine
791 3144 861 3206 ulla
881 3143 978 3205 animi
1000 3143 1184 3207 turbatione
1196 3184 1218 3220 ,.
1230 3160 1325 3224 quam

196 3249 228 3310 in
249 3249 324 3328 ipsis
346 3256 415 3312 tum
436 3267 486 3324 ee,
509 3266 593 3327 quae
614 3247 755 3322 dixerat,
778 3251 848 3310 tum
868 3263 953 3327 quae
975 3244 1087 3308 lutura
1116 3250 1222 3321 erant,
1247 3245 1326 3308 forte

198 3351 389 3412 excitarent.
413 3346 532 3413 Confer
553 3344 599 3409 lo.
623 3344 712 3423 xvl,
736 3344 765 3410 6.
788 3343 819 3409 7.

277 3449 357 3513 Pars
378 3449 481 3531 prima
503 3448 671 3523 sermonis,
694 3447 727 3508 in
748 3464 814 3526 qua
835 3453 883 3510 est
904 3445 944 3508 de
965 3445 1038 3508 lide.

280 3547 413 3614 Creditis
432 3546 469 3610 io
490 3547 602 3621 Deum,
618 3556 646 3608 et
665 3546 702 3609 in
721 3566 768 3609 me
788 3547 911 3610 credite.
929 3544 1002 3622 Qua
1019 3539 1115 3623 illud,
1129 3538 1219 3626 quod
1240 3546 1328 3609 iube

196 3652 264 3730 bat,
286 3651 421 3731 exsequi
446 3655 596 3732 possent,
620 3649 831 3711 certissimam
851 3649 937 3710 viam
959 3651 1211 3725 commonstrat,
1236 3646 1329 3710 fidem

196 3754 339 3832 inquam.
362 3750 488 3816 Graeca
502 3751 547 3814 sic
562 3769 694 3831 qnoque
715 3750 806 3812 reddi
820 3754 955 3830 queunt:
974 3745 1093 3810 Credite
1113 3746 1150 3810 io
1171 3746 1286 3821 Deum,
1305 3754 1331 3808 et
1363 3800 1370 3815 ,

195 3853 232 3916 io
252 3872 298 3915 me
319 3851 443 3915 credite.
459 3883 500 3896 -
513 3850 660 3916 Christus
675 3870 779 3931 aeque
799 3869 838 3913 ac
857 3848 964 3914 Deum
977 3868 1014 3912 se
1027 3867 1088 3930 pro
1108 3848 1183 3911 fidei
1203 3849 1329 3913 obiecto

196 3954 358 4036 proponit.

276 4075 329 4120 vv.
351 4053 381 4119 2.
403 4052 433 4119 3.
458 4053 542 4119 Tum
562 4073 619 4135 spe
640 4069 773 4134 qnoque
794 4060 976 4116 moerentes
1006 4044 1246 4133 discipulorum
1266 4052 1329 4116 aui*

194 4173 263 4221 mos
285 4157 391 4238 erigit,
413 4157 571 4237 illumque
585 4156 658 4220 fidei
679 4155 865 4219 consociare
886 4155 990 4217 docet.
1008 4152 1050 4218 Hi
1066 4170 1105 4218 eo·
1126 4154 1327 4235 potissimum
