2986 4912
281 311 322 380 8⁶]
624 339 655 386 m
677 339 814 388 rolnnnn
836 342 1097 392 connnnmmvn'

369 416 529 500 Compara
557 440 641 485 nunc
662 430 841 505 utrumque
863 424 983 490 Christi
1005 447 1219 509 responsum,
1242 437 1313 493 tum
1337 434 1430 514 quod

289 519 322 580 in
346 519 450 599 prima
475 527 567 601 parte
591 525 747 586 sermonis
771 529 831 610 est,
855 532 926 588 tum
951 530 1039 608 quod
1067 530 1099 590 in
1121 530 1237 610 altera,
1259 537 1304 610 et,
1326 533 1430 613 siqui-

290 618 364 681 dem
381 628 559 700 utrumque
587 624 699 686 eadem
728 624 768 686 de
793 628 910 704 rc‘est,
933 628 972 690 de
998 628 1060 691 lide
1083 630 1228 710 inquam,
1252 633 1428 711 rationem,

289 739 433 800 quaeso,
461 741 512 784 me
540 723 619 786 doce
647 743 708 786 cur
736 723 904 805 Christus,
931 747 967 790 re
995 728 1177 808 plenissime
1206 730 1372 795 declarata
1394 734 1429 794 in

203 890 208 897 ‚
289 824 392 904 prima
416 831 520 905 parte,
550 826 682 888 dimidio
712 827 779 890 lere
804 830 879 908 plus
900 832 1078 893 verborum
1099 833 1131 893 in
1151 833 1338 898 huiusmodi
1358 854 1432 900 me·

292 927 435 1005 taphoris
456 927 609 1006 urgendis
630 928 823 1008 impenderit
842 930 875 990 in
894 933 955 994 hac
976 933 1091 994 altera.

368 1025 433 1103 Qui
452 1031 624 1091 manducat
642 1030 726 1091 hunc
740 1050 870 1110 portem,
892 1030 975 1094 oifoet
995 1032 1032 1094 irc
1051 1042 1222 1097 oeternum.
1246 1035 1426 1102 Conclusio

286 1131 501 1212 responsionis
522 1136 555 1194 ct
573 1132 734 1194 secundae
755 1133 870 1212 partis3
892 1133 932 1196 dc
952 1153 1017 1213 qua
1038 1136 1245 1199 conclusione
1263 1137 1350 1200 idem
1372 1140 1422 1201 di-

287 1239 377 1294 ctum
403 1239 483 1313 puta
507 1251 549 1295 ae·
569 1232 609 1295 de
629 1235 835 1297 conclusione
856 1236 979 1316 primae
1004 1238 1115 1316 partis.
1139 1235 1201 1300 Sed
1228 1258 1326 1318 quam
1356 1241 1425 1303 alia

288 1337 415 1398 ratione
436 1337 519 1398 hanc
539 1336 749 1399 conclusisset
769 1343 867 1417 atque
888 1339 978 1401 illam
999 1339 1155 1419 primam,
1177 1341 1204 1403 si
1225 1342 1257 1403 in
1278 1343 1327 1404 his
1348 1361 1429 1407 rer-

287 1437 335 1499 bis
346 1437 517 1517 postremis
526 1455 642 1499 nomen
648 1435 748 1516 porris
757 1456 816 1518 per
827 1440 1050 1519 metaphoram
1065 1440 1286 1504 adhiberetur.
1300 1441 1426 1523 Ecquis

286 1543 379 1618 putet
404 1535 570 1601 Christum
594 1538 691 1600 huius
720 1539 930 1619 metaphorae
959 1545 1103 1601 tenacem
1131 1540 1212 1604 adeo
1240 1539 1362 1618 luisse,
1386 1549 1426 1605 ut

286 1657 392 1718 neque
413 1640 446 1701 in
466 1641 535 1721 ipso
556 1641 655 1702 totius
675 1640 832 1703 sermonis
853 1640 945 1704 exitu
966 1641 1073 1706 verbis
1099 1642 1261 1705 translatis
1286 1644 1425 1724 propria

286 1741 520 1806 substitueret?

366 1842 431 1919 Qui
451 1846 552 1925 igitur
571 1864 630 1908 nec
651 1847 739 1910 caeci
759 1852 845 1925 sunt,
868 1853 954 1910 etse
976 1847 1139 1910 communi
1171 1865 1267 1910 sensu
1288 1846 1428 1911 destitu-

287 1953 337 2008 tos
358 1949 505 2026 profiteri
526 1949 734 2026 erubescunt,
748 1955 781 2012 et
794 1950 885 2010 illam
905 1949 1005 2012 totius
1025 1949 1182 2012 sermonis
1201 1949 1424 2029 partitionem,

286 2066 386 2127 quam
410 2048 557 2123 lecimus,
567 2051 735 2130 accipiant,
751 2069 880 2113 necesse
895 2057 955 2128 est,
972 2056 1004 2113 et
1017 2051 1071 2113 vel
1092 2050 1183 2113 inviti
1202 2049 1293 2111 nobis
1314 2067 1426 2112 assen-

287 2149 421 2227 tiantur,
437 2150 596 2230 siquidem
616 2151 649 2212 in
668 2150 773 2232 prima
793 2160 886 2230 parte
908 2151 947 2213 de
968 2151 1030 2214 fide
1052 2152 1172 2231 agitur,
1192 2171 1256 2213 non
1277 2169 1371 2231 posse
1393 2152 1426 2213 in

285 2251 390 2314 altera
411 2258 504 2332 parte
525 2253 588 2313 alia
609 2252 649 2315 de
670 2272 706 2314 re
727 2271 796 2315 esse
816 2253 876 2314 nisi
897 2253 936 2315 de
957 2251 1077 2317 Christi
1097 2271 1194 2315 carne
1216 2271 1294 2315 vere
1315 2271 1425 2315 come-

284 2353 387 2414 denda
408 2354 544 2432 eiusque
565 2353 718 2433 sanguine
739 2373 818 2417 vere
838 2354 989 2435 potando.
1008 2352 1105 2429 Quod
1119 2360 1227 2416 tamen
1250 2371 1426 2433 argumen-

285 2459 356 2514 tum
376 2472 452 2516 sane
473 2455 698 2534 praevalidum
719 2456 872 2518 adhihere
894 2461 1007 2517 contra
1026 2453 1301 2518 Sacramentarios
1321 2453 1344 2515 ii
1364 2473 1424 2516 ne·

284 2562 428 2635 queunt,
451 2557 507 2636 qui
528 2557 560 2617 in
580 2558 684 2638 prima
707 2576 838 2638 quoque
859 2563 952 2638 parte
974 2556 1140 2620 Christum
1162 2557 1200 2618 de
1221 2557 1336 2619 eodem
1356 2557 1422 2619 hoc

286 2661 354 2740 ipso
376 2679 434 2722 esu
456 2679 495 2725 ac
515 2666 597 2741 potu
616 2660 794 2739 loquutum
816 2679 883 2722 esse
905 2659 1113 2722 contendunt.

366 2782 397 2825 v.
413 2760 463 2827 61.
487 2760 582 2837 Quod
604 2763 717 2823 durum
739 2781 808 2824 esse
828 2762 1012 2838 videbatur,
1035 2768 1123 2824 certe
1144 2780 1208 2823 uon
1229 2780 1267 2822 ea
1285 2766 1361 2823 sunt
1381 2761 1423 2822 de

286 2864 403 2944 quibus
425 2864 524 2925 estin
545 2863 650 2943 prima
671 2868 775 2942 parte,
799 2881 882 2941 quac
904 2861 983 2923 alias
996 2880 1092 2941 saepo
1107 2859 1255 2923 Christus
1270 2861 1421 2934 docehat,

282 2984 389 3047 neque
411 2971 518 3028 tamon
539 2984 683 3045 unquam
704 2966 817 3025 aarum
839 2963 916 3042 quid
931 2982 1009 3043 prae
1024 2982 1057 3025 se
1073 2962 1159 3025 lerre
1175 2962 1242 3026 visa
1260 2968 1347 3040 sunt,
1362 2961 1421 3024 sed

283 3066 340 3128 ille
361 3085 429 3127 esus
450 3064 558 3128 corais
578 3067 700 3145 illeque
715 3074 811 3144 potos
831 3062 998 3143 scapularis
1019 3062 1154 3143 Christi3
1167 3065 1259 3140 haec,
1275 3063 1422 3143 inquam,

282 3175 359 3232 suut
386 3188 469 3250 quae
491 3169 647 3248 quosdam
669 3189 686 3231 e
709 3166 829 3232 Christi
854 3167 1018 3247 discipulis
1049 3168 1248 3248 impulerunt
1278 3171 1316 3228 ut
1347 3183 1422 3227 eum

285 3270 472 3332 desererent
491 3289 523 3334 v.
552 3267 602 3334 67.
625 3267 699 3332 Non
725 3287 803 3347 ergo
825 3265 973 3329 Christus
994 3268 1084 3329 ultra
1104 3271 1234 3347 poterat
1254 3265 1422 3345 metapho-

286 3390 344 3433 rae
365 3371 613 3451 explicationem
635 3369 778 3445 dillerre,
794 3368 953 3448 siquidem
967 3385 1026 3447 per
1039 3369 1245 3448 metaphoras
1263 3367 1425 3446 loquutus

285 3473 408 3536 luisset.

367 3595 398 3638 v.
416 3573 466 3638 62.
483 3575 635 3636 Attamen
650 3579 763 3636 contra
778 3572 864 3633 lacit.
875 3570 1009 3634 -Nota
1027 3572 1109 3635 illud
1124 3572 1181 3632 hoc
1195 3577 1265 3633 tum
1280 3571 1312 3632 in
1327 3588 1427 3634 evan·

286 3676 418 3756 gelistae
438 3675 641 3751 narratione,
666 3679 735 3734 tum
756 3674 788 3734 in
810 3669 929 3735 Christi
951 3670 1218 3752 responso—Dc
1233 3671 1335 3733 verbo
1348 3693 1424 3762 γογ·

285 3781 419 3872 γυζουσι
434 3786 634 3840 murmurant
648 3784 792 3859 temporo
804 3778 966 3858 praesenti
978 3777 1084 3856 siquid
1096 3793 1247 3856 quaeras,
1256 3773 1328 3854 lege
1336 3793 1422 3854 quae

288 3891 371 3951 infra
393 3890 536 3951 dicemus
559 3890 597 3950 de
618 3907 649 3951 v.
673 3884 723 3952 65.

366 4012 397 4054 v.
422 3988 648 4069 63.2,Christus
671 4007 748 4068 erqo
769 4007 832 4050 non
860 3987 956 4049 modo
988 3984 1163 4064 discipulos
1194 4000 1259 4044 non
1290 3980 1427 4044 dedocet

282 4111 411 4157 sensum
436 4092 467 4153 in
483 4109 581 4170 quem
601 4090 700 4170 ipsius
722 4089 822 4152 verba
843 4090 1047 4166 acceperant,
1073 4083 1128 4146 sed
1149 4083 1213 4143 imo
1235 4083 1324 4143 hunc
1345 4088 1426 4143 tam·

283 4214 380 4275 quam
402 4190 775 4275 propriumffl'rorborum
795 4207 924 4254 sonsum
949 4191 1146 4267 argumento
1169 4182 1351 4249 confirmat.
1377 4179 1428 4246 lu·
