2986 4912
518 338 621 385 carvr
644 337 783 411 uucrulvu
805 338 953 387 ocruvvu
1250 327 1310 396 207

280 418 330 499 16
358 424 488 500 Petrus
516 441 639 500 autem
668 426 789 500 stabat
816 428 860 500 ad
890 429 1026 502 ostium
1055 428 1156 505 foris.
1185 430 1310 509 Exivit

170 573 256 648 ergo
284 552 481 650 discipulus
508 554 614 638 alius,
642 555 704 651 qui
732 565 812 629 erat
840 567 949 630 notus
964 558 1140 653 pontifici,
1160 574 1198 633 et
1214 561 1310 637 dixit

172 681 355 757 ostiariae:
385 695 423 756 ct
450 683 651 756 introduxit
677 682 840 756 Petrum.

177 900 180 905 1
278 804 328 884 17
357 810 453 886 llicit
479 835 564 910 ergo
591 810 700 885 Petro
723 811 853 885 ancilla
880 812 1040 886 ostiaria:
1062 811 1242 912 Numquid
1270 827 1309 891 et

171 952 213 1034 tu
240 960 287 1012 ex
315 937 500 1035 discipulis
527 961 568 1011 es
581 937 738 1013 hominis
753 932 858 1012 istius
874 934 894 1011 f
913 937 1010 1013 Dicit
1024 940 1097 1016 illc:
1118 939 1197 1015 Non
1212 966 1307 1016 sum.

282 1058 342 1140 18-
360 1064 514 1140 Stabant
541 1079 664 1140 autem
692 1067 802 1151 servi,
835 1079 873 1140 et
903 1068 1061 1141 ministri
1088 1070 1132 1142 ad
1160 1093 1308 1166 prunas:

170 1193 257 1292 quia
285 1193 397 1292 frigus
425 1209 519 1279 erat,
546 1206 585 1268 et
606 1193 868 1269 calefaciebant
895 1217 947 1267 se:
968 1209 1048 1268 erat
1075 1210 1199 1270 autem
1226 1219 1311 1270 curn

172 1322 227 1395 eis
254 1332 293 1396 et
320 1321 451 1398 Petrus
478 1335 593 1409 stans,
613 1335 650 1396 et
677 1320 893 1394 calefaciens
921 1344 976 1395 se.

281 1443 330 1523 19
358 1448 527 1525 Pontifex
553 1473 638 1547 ergo
657 1449 894 1546 interrogavit
912 1448 1034 1524 lesum
1061 1451 1105 1524 de
1125 1450 1312 1551 discipulis

172 1575 262 1662 suis,
290 1591 329 1651 et
355 1577 589 1676 deductrina
617 1577 707 1650 eius.

278 1698 330 1778 20
357 1704 558 1803 Respondit
585 1705 619 1778 ei
651 1704 770 1778 lesus:
798 1701 875 1801 Ego
902 1705 1024 1801 palam
1059 1704 1204 1781 locutus
1231 1732 1313 1783 sum

171 1830 320 1906 mundo:
349 1856 416 1931 ego
444 1856 588 1930 semper
614 1832 719 1906 docui
747 1832 785 1905 in
812 1855 1008 1929 synagoga,
1037 1844 1075 1909 et
1102 1834 1312 1934 intemplo,

172 1980 246 2054 quo
275 1980 401 2033 omnes
428 1958 551 2033 ludaei
579 1959 823 2033 conveniunt:
858 1958 960 2035 etin
998 1959 1140 2035 occulto
1172 1962 1314 2038 locutus

171 2107 254 2159 sum
281 2086 383 2161 nihil.

283 2208 331 2288 21
365 2212 457 2305 Quid
471 2239 529 2290 me
557 2210 791 2312 interrogas?
819 2213 1003 2312 interroga
1019 2238 1095 2297 cos,
1114 2218 1176 2313 qui
1191 2218 1315 2292 audic-

175 2352 264 2416 runt
290 2343 376 2439 quid
404 2345 547 2418 locutus
575 2344 643 2417 sim
671 2342 772 2441 ipsis:
789 2365 873 2416 ecce
900 2341 938 2413 hi
958 2341 1078 2415 sciunt
1095 2367 1186 2441 quac
1213 2346 1316 2419 dixe-

173 2470 244 2545 rim
272 2494 353 2568 ego.

287 2593 340 2672 22
368 2597 466 2673 Haec
493 2611 616 2672 autem
636 2619 719 2672 cum
746 2596 912 2684 dixisset,
940 2622 1034 2672 unus
1061 2600 1236 2674 assistens
1253 2602 1318 2676 mi·

178 2725 376 2811 nistrorum
396 2726 497 2800 dedit
511 2726 653 2826 alapam
668 2726 764 2811 lesu,
778 2726 915 2800 diceus:
944 2723 1002 2799 Sic
1016 2727 1212 2824 respondes
1230 2751 1316 2825 pon·
1361 2724 1364 2733 ’

176 2850 301 2928 tificil

282 2977 334 3056 23
362 2982 564 3080 Respondit
591 2982 625 3056 ei
657 2982 770 3056 lesus:
800 2979 838 3054 Si
857 2981 953 3055 male
968 2980 1111 3056 locutus
1144 3005 1240 3066 sum,
1258 2996 1316 3056 te-

178 3110 389 3192 stimouium
417 3108 567 3209 perhibe
595 3110 639 3184 de
667 3109 776 3183 malo:
812 3108 843 3183 si
871 3121 994 3183 autem
1021 3108 1228 3208 bene,quid
1254 3134 1314 3186 me

174 3234 324 3311 caedis?
1105 3234 1108 3245 '
1195 3292 1198 3297 -

280 3359 334 3438 2AE
363 3363 410 3440 Et
425 3364 525 3438 misit
539 3386 623 3439 eum
638 3361 762 3437 Annas
775 3361 926 3460 ligatum
955 3363 1000 3436 ad
1020 3360 1196 3460 Caipham
1225 3389 1315 3462 pou-

174 3493 324 3569 tificem.
915 3556 920 3567 .

280 3615 332 3696 25
360 3621 450 3697 Erat
476 3635 600 3696 autem
628 3620 751 3694 Simon
779 3617 911 3692 Petrus
939 3629 1054 3703 stans,
1082 3634 1120 3692 ct
1148 3618 1315 3694 calefaci-

176 3775 243 3825 ens
262 3775 315 3826 se.
338 3751 518 3826 Dixerunt
544 3772 629 3847 ergo
657 3748 702 3823 ei:
732 3744 912 3844 Numquid
940 3757 979 3819 et
1007 3758 1047 3818 tu
1066 3769 1113 3819 ex
1126 3745 1312 3845 discipulis

174 3880 253 3953 eius
282 3878 353 3953 es?
380 3878 534 3975 Negavit
560 3877 635 3959 illc,
663 3888 700 3950 et
727 3874 832 3949 dixit:
862 3870 939 3947 Non
970 3897 1065 3947 sum.

279 4004 331 4081 26
360 4007 456 4081 Dicit
483 4008 517 4080 ei
545 4031 636 4079 uuus
664 4028 710 4077 ex
739 4002 853 4077 servis
882 4001 1095 4098 pontificis,
1137 4017 1314 4100 cognatus

173 4136 266 4222 cius
294 4137 396 4210 cuius
424 4136 579 4210 abscidit
606 4134 737 4207 Petrus
773 4129 991 4205 auriculam:
1024 4127 1150 4206 Nonne
1178 4154 1245 4230 ego
1278 4148 1315 4208 tc

174 4264 247 4340 vidi
275 4269 311 4337 in
343 4265 450 4341 horto
478 4260 676 4340 cumillo?
764 4254 767 4258 ’
