2986 4912
159 312 220 404 150
496 351 526 401 ru
539 350 675 401 rotnace
697 348 945 401 conuenrsarvu

163 440 248 501 sicut
267 453 345 499 mox
366 437 666 500 demonstrabimus.
688 435 849 516 Equidem
870 439 968 514 hunc,
988 437 1044 518 qui
1064 439 1166 520 prima
1189 420 1301 523 specie

163 556 232 602 esse
252 539 394 615 videtur,
426 539 548 601 nodum
578 538 727 601 existimo
758 546 992 619 argumentum
1007 558 1044 602 re
1064 540 1132 621 ipsa
1152 540 1302 606 firmissi-

161 659 253 704 mum
273 656 342 702 esse
362 657 428 719 quo
449 640 550 721 patris
570 646 603 703 et
622 640 680 700 filii
695 640 1006 703 consubstantialitas
1025 648 1201 705 asseratur,
1220 642 1301 706 Ete-

164 743 230 803 nim
249 759 360 802 comen
381 741 412 802 in
433 742 493 803 hac
515 738 634 804 Christi
648 759 744 821 prece
758 759 822 804 non
835 742 1032 806 vocabulum
1046 747 1096 805 est
1109 758 1175 823 quo
1189 741 1300 807 Deum

164 842 378 918 nominamus,
400 839 455 903 sed
477 840 584 904 divina
605 841 755 917 essentia,
778 842 932 905 nlmirum
952 842 986 902 id
1006 843 1094 922 quod
1113 841 1203 906 Deus
1223 849 1300 920 est,

165 960 231 1004 uno
252 942 353 1005 verbo
373 941 442 1022 ipse
461 939 556 1003 Deos.
580 937 702 1030 Recole
723 959 808 1021 quae
829 942 1060 1012 edisseruimus
1081 940 1191 1006 delo.
1224 941 1299 1022 111,

164 1040 214 1106 18.
238 1041 313 1118 Quo
333 1043 433 1105 semel
453 1042 559 1123 posito
579 1042 644 1104 iam
664 1041 722 1103 illa
744 1032 914 1106 difficultas
929 1050 997 1107 tota
1011 1048 1182 1108 evanescat
1199 1050 1304 1125 atque

165 1143 297 1207 omnino
315 1143 477 1225 dispareat
496 1161 625 1206 necesse
646 1149 706 1220 est,
722 1144 748 1206 si
762 1162 827 1206 una
848 1162 985 1208 numero
1000 1151 1099 1225 atque
1113 1144 1227 1208 eadem
1246 1146 1303 1223 sit,

162 1245 248 1308 sicut
267 1264 304 1308 re
324 1263 404 1310 vera
424 1250 484 1322 est,
501 1238 625 1308 Christi
646 1249 679 1308 et
698 1245 800 1326 patris
822 1245 930 1309 diviua
951 1245 1087 1310 essentia
1107 1264 1146 1310 ac
1165 1253 1302 1323 natura,

164 1346 326 1427 planoque
346 1347 432 1409 idem
454 1346 517 1408 iuit
538 1344 645 1409 dicere
666 1363 778 1408 comen
800 1355 888 1408 tuom
908 1364 946 1410 ac
967 1365 1079 1409 comeo
1098 1365 1219 1421 mcom;
1233 1366 1307 1410 ma·

163 1444 227 1509 luit
247 1453 353 1509 umen
375 1444 523 1511 Christus
544 1454 631 1508 tuom
652 1446 759 1509 dIcere
780 1465 880 1526 quam
900 1465 1002 1509 mcum
1013 1491 1025 1522 ,
1056 1455 1127 1511 tum
1147 1448 1249 1528 quia,
1277 1449 1305 1511 si

163 1566 265 1610 mcum
286 1548 431 1625 dixisset,
453 1546 751 1610 luculentissImum
771 1548 834 1611 hoc
848 1554 1077 1628 argumentum
1093 1549 1308 1613 consubstan-

166 1649 310 1712 tialitatis
332 1667 410 1711 suae
431 1667 507 1711 cum
527 1654 621 1728 patre
641 1666 847 1728 nequaquam
865 1650 967 1730 ipsius
995 1650 1095 1714 verba
1115 1650 1308 1731 suppedita-

164 1756 259 1827 rent,
292 1756 361 1812 tum
381 1755 420 1813 ut
440 1749 653 1833 profiteretur
684 1750 884 1813 divinitatem
904 1769 938 1813 se
958 1769 978 1812 a
998 1757 1092 1832 patre
1122 1751 1304 1833 accepisse,

167 1856 281 1932 utpote
296 1851 439 1931 genitum
459 1869 478 1912 a
494 1850 647 1931 genitore.
666 1846 781 1930 ltaque
796 1851 875 1913 haec
889 1851 1025 1914 illorum
1039 1853 1219 1916 verborum
1232 1871 1307 1917 sen-

166 1953 265 2015 tentia
285 1958 343 2015 est:
366 1951 476 2030 Pater,
499 1950 642 2032 clarifico
661 1948 699 2012 ie
719 1969 765 2012 me
786 1950 931 2015 divinam
951 1961 1039 2014 tuom
1059 1949 1224 2016 essentiam
1245 1972 1309 2016 na-

166 2062 328 2135 turomqtce
338 2097 351 2128 ,
382 2072 476 2135 qoam
505 2071 623 2114 mecum
653 2059 750 2116 totam
780 2051 1020 2116 communicasti
1039 2072 1175 2136 quaeque
1196 2052 1233 2116 irc
1254 2072 1305 2117 me

166 2164 232 2218 toto
252 2164 314 2227 ειη
335 2163 372 2216 ot
390 2172 490 2216 coum
509 2161 608 2216 tecum
628 2171 681 2233 epo
694 2151 767 2226 scm,
782 2156 834 2234 sac
848 2172 952 2217 omues
970 2152 1162 2234 intelligant.
1180 2152 1306 2218 Confer

169 2254 216 2319 Io.
238 2253 330 2331 XIII,
351 2249 402 2318 31.
421 2252 474 2335 323
495 2250 601 2331 XVII,
622 2250 654 2317 1.
666 2251 802 2319 -Nota
823 2253 907 2317 illud
925 2252 1029 2334 filium
1050 2263 1139 2317 tuum
1158 2274 1212 2323 τον
1227 2249 1301 2325 υἱον

171 2381 229 2430 σου
245 2360 263 2440 (
270 2363 298 2426 il
315 2356 404 2441 figlio
423 2366 516 2437 too).

242 2461 423 2527 Maxime
413 2481 446 2524 m
465 2462 539 2524 loco
561 2462 626 2525 tale
647 2462 863 2526 testimonium
884 2462 1019 2526 caebtus
1041 2459 1170 2527 Christo
1191 2460 1308 2525 datum

169 2584 189 2627 a
210 2570 302 2646 patre
323 2582 392 2626 esse
412 2561 584 2625 dicendum
605 2568 677 2639 est,
700 2564 727 2626 si
746 2563 859 2627 datum
880 2568 929 2626 est
952 2582 1031 2626 mox
1051 2581 1089 2626 ac
1109 2563 1166 2625 ille
1187 2556 1308 2626 Hiero·

170 2666 329 2748 solymam
349 2663 547 2738 advenerat,
581 2680 647 2741 quo
673 2661 944 2746 Hierosolymitae
965 2662 1217 2725 admonerentur
1238 2669 1311 2726 tau·

171 2768 245 2830 dem
265 2767 296 2828 id
319 2769 464 2847 agerent,
487 2764 527 2827 ad
548 2765 636 2844 quod
657 2764 812 2845 perpauci
833 2762 900 2826 dies
921 2768 1134 2843 supererant,
1156 2768 1195 2825 ut
1216 2760 1313 2827 Chri-

172 2858 259 2931 stum
279 2870 482 2948 praesentem
502 2865 652 2945 interque
673 2882 728 2928 eos
749 2869 933 2928 versantem
953 2869 1174 2942 agnoscerent.
1202 2860 1310 2929 Simul

172 2969 247 3032 satis
269 2975 317 3031 est
339 2968 461 3030 factum
481 2967 546 3029 illis
568 2965 701 3030 Graecis
722 2966 779 3046 qui
792 2962 901 3027 Iesum
914 2982 1008 3027 nosse
1022 2964 1195 3044 cupiebant
1207 2982 1240 3029 v.
1258 2962 1310 3033 20.

183 3060 186 3066 ’
254 3088 285 3133 ι.
306 3065 357 3134 29.
382 3065 432 3130 Ita
453 3067 629 3144 dixerunt,
660 3085 726 3129 non
757 3066 834 3146 quia
854 3064 955 3130 verba
975 3063 1063 3127 haud
1084 3065 1313 3145 perceperint,

172 3169 356 3250 percepisse
376 3169 461 3232 enim
482 3174 618 3249 apparet
638 3186 681 3231 ex
700 3168 739 3230 iis
761 3186 845 3247 quae
867 3163 1015 3229 Christus
1035 3164 1315 3243 subiunxit,·sed

175 3270 252 3349 quia
273 3287 341 3333 vox
361 3269 406 3331 ita
427 3267 536 3332 sonuit
556 3286 594 3331 ac
614 3269 641 3331 si
662 3267 845 3332 tonitruum
866 3273 960 3331 esset.

258 3389 290 3435 v.
313 3366 364 3436 30.
387 3367 421 3432 Si
441 3380 491 3447 ea,
515 3388 599 3448 quae
619 3369 748 3431 suntin
769 3367 831 3430 liue
851 3384 966 3431 versus
984 3363 1037 3443 28,
1058 3363 1169 3442 Deus,
1191 3382 1258 3428 nou
1279 3366 1319 3430 de

179 3468 320 3548 Christo,
342 3469 398 3533 sed
421 3471 460 3533 de
481 3489 515 3533 se
535 3475 662 3532 tanturn
682 3469 841 3549 loquutus
862 3473 957 3545 esset,
980 3466 1135 3530 sententia
1149 3483 1267 3530 versus
1279 3461 1321 3533 30

178 3570 268 3635 haec
281 3573 377 3634 toret.
400 3569 519 3647 Deum,
536 3588 600 3632 non
614 3577 749 3651 propter
764 3567 941 3645 Christum,
957 3567 1014 3630 sed
1027 3571 1167 3648 propter
1179 3563 1320 3630 Iudaeos

178 3674 237 3735 illa
258 3672 298 3738 de
318 3691 353 3736 se
374 3674 444 3753 ipso
465 3690 614 3735 narrasse
635 3690 673 3733 ac
687 3670 899 3752 praedixissc3
915 3675 1096 3748 utrumque
1111 3671 1231 3743 tamen,
1248 3672 1321 3730 tum

176 3776 221 3853 id,
244 3775 333 3856 qnod
355 3773 503 3839 Christus
523 3778 682 3853 negasset,
707 3777 776 3835 tum
798 3771 887 3852 quod
908 3770 1110 3844 affirmasset,
1130 3768 1171 3829 ab
1192 3786 1231 3830 re
1251 3787 1322 3833 esse

179 3877 360 3953 videretur,
377 3894 479 3955 quum
499 3874 580 3936 nihil
600 3875 633 3937 iu
653 3874 815 3956 praesenti
835 3891 941 3961 neque
954 3871 1024 3933 eius
1039 3868 1127 3950 quod
1146 3869 1320 3948 agebatur,

179 3974 448 4058 neque'Cbristi,
460 3995 567 4056 neque
588 3973 787 4039 Indaeorum
808 3974 949 4037 referret
962 3970 1151 4035 ‘meminisse
1171 3977 1211 4032 ut
1230 3968 1320 4034 Deus

180 4097 249 4142 sese
269 4080 337 4159 ipse
359 4078 438 4142 olim
461 4077 712 4155 clarificaverit,
746 4083 805 4140 aut
835 4073 1042 4157 praemoneri
1067 4072 1138 4135 lore
1159 4074 1197 4134 ut
1218 4089 1321 4152 porro

83 4171 87 4179 ’
172 4180 383 4244 clarificaret.
412 4177 659 4263 Christusergo
689 4178 870 4265 siguificare
901 4178 950 4241 bis
981 4174 1091 4242 verbis
1123 4172 1231 4238 voluit
1261 4174 1321 4237 sibi
