2986 4912
168 332 230 400 22d
493 349 524 398 in
547 349 684 398 sonsum
704 348 953 398 conusnnsnivu

169 439 315 515 ascendi
332 440 378 515 sd
393 438 540 515 Patrem
557 462 694 515 meum:
715 441 806 515 vade
823 453 948 517 autem
966 440 1012 516 ad
1028 439 1161 518 iratres
1181 467 1299 533 meos,

169 582 208 644 et
234 567 292 642 die
317 568 384 643 eis:
412 566 578 644 Ascendo
596 569 642 643 ad
660 566 807 644 Patrem
834 591 972 656 meum,
997 579 1037 643 et
1054 567 1202 646 Patrem
1232 595 1301 649 ve-

170 709 301 780 strum,
337 695 454 772 Deum
481 718 618 784 meum,
645 707 685 770 et
711 694 828 770 Deum
854 710 1031 772 vestrum.

277 815 328 896 18
355 821 463 900 Venit
489 821 603 897 Maria
628 820 835 921 magdalene
854 823 1300 927 annunciansdiseipulis:

171 947 261 1041 Quia
293 948 366 1026 vidi
392 950 600 1037 Dominum,
628 950 785 1025 st--hsee
811 950 905 1027 dixit
930 951 1033 1025 mihi.
1083 970 1088 979 ·
1121 957 1153 1001 ἓ·
1194 992 1197 997 -

278 1070 329 1152 19
355 1076 448 1152 Cum
465 1101 552 1176 ergo
574 1100 655 1156 sero
673 1089 774 1152 esset
791 1076 851 1152 die
867 1076 940 1164 iile.
961 1100 1032 1154 una
1051 1050 1302 1170 sentimus,

171 1217 211 1280 et
236 1204 334 1281 iores
365 1220 489 1283 essent
515 1208 674 1291 clausae,
694 1205 755 1281 ubi
774 1217 883 1280 erant
907 1206 1073 1306 discipuli
1091 1211 1301 1309 congregati

170 1344 321 1432 propter
333 1347 472 1409 metum
490 1324 718 1410 ludaeorum:
735 1330 836 1407 uenit
852 1331 969 1421 lesus,
987 1342 1027 1408 et
1044 1333 1149 1410 s'te'tit
1166 1334 1203 1409 in
1219 1358 1302 1410 me·

171 1459 246 1546 dio,
261 1440 311 1536 e't
336 1460 429 1536 dixit
455 1461 520 1536 eis:
549 1458 634 1535 Pax·
654 1458 770 1534 vobis.
1049 1458 1055 1465 ’

278 1582 332 1662 20
359 1586 406 1665 Et
433 1610 519 1679 eum
542 1587 612 1663 hun
637 1586 800 1672 dixisset,
828 1586 987 1663 ostendit
1014 1587 1067 1662 sis
1093 1609 1240 1674 manus,
1268 1603 1306 1664 et

175 1716 285 1791 lutus.
312 1713 435 1790 Gavisi
462 1730 548 1790 sunt
574 1738 660 1814 engo
685 1713 867 1813 discipuli,
895 1714 974 1788 viso
1000 1711 1168 1790 Domino.

183 1894 189 1904 ·
280 1837 326 1919 21
362 1843 461 1918 Dixit
487 1867 573 1943 ergo
588 1845 654 1919 ‘eis
680 1843 828 1918 iterum:
849 1840 927 1917 Pax
942 1841 1057 1918 vobis.
1085 1841 1188 1918 Sicut
1205 1843 1309 1919 misit

175 1995 235 2048 ms
260 1970 381 2059 Putes,
407 1984 446 2046 et
471 1996 539 2070 ego
566 1973 673 2047 mitto
699 1994 776 2045 vos.

279 2095 338 2175 22Ι
359 2098 458 2175 Hane
475 2122 558 2175 eum
577 2099 742 2183 dixisset,
759 2098 967 2175 insufflavit:
987 2111 1026 2173 et
1038 2096 1131 2174 dixit
1152 2097 1220 2175 eis:
1241 2096 1311 2174 Ae-

174 2230 283 2328 uipits
311 2228 484 2328 Spiritum
512 2239 690 2303 sanctum:

185 2384 188 2389 ¹
282 2352 335 2432 23
362 2379 514 2455 quonum
541 2356 759 2432 remiseritis
786 2368 950 2455 peecata,
978 2354 1218 2431 remittuntur
1245 2352 1309 2430 eis:

176 2497 216 2559 et
241 2508 394 2582 quonum
421 2483 656 2570 retinueritis,
683 2494 826 2560 retenta
853 2495 951 2559 sunt.
1056 2524 1064 2540 κ
1141 2486 1144 2493 ’

284 2605 337 2686 24
364 2611 523 2687 Thomas
542 2623 665 2686 autem
692 2636 786 2687 nnus
813 2635 860 2686 ex
874 2609 1079 2697 duodecim,
1098 2608 1162 2708 qui
1179 2607 1312 2684 dieitur

178 2739 367 2838 Didymus,
394 2752 565 2814 uenerat
591 2739 745 2814 enm-eis
765 2735 915 2837 quaudo
935 2737 1036 2812 veuit
1063 2736 1179 2812 iesus.

284 2865 336 2944 25
364 2868 540 2943 Dixenunt
576 2891 661 2965 ergo
689 2866 721 2942 ei
750 2866 808 2941 alii
837 2864 1017 2964 discipuli:
1047 2863 1212 2940 Vidimus
1241 2863 1312 2940 Do-

179 2998 332 3072 minum.
361 2999 424 3072 lile
453 3010 577 3072 autem
599 2997 691 3071 dixit
718 2997 783 3072 eis:
812 2993 888 3069 Nisi
917 2993 1041 3071 videno
1079 2993 1116 3067 iu
1144 2981 1312 3068 munibus

179 3128 258 3201 eius
285 3124 443 3201 fixuram
454 3125 657 3211 slavorum,
676 3137 715 3199 et
733 3110 878 3198 mittam
892 3121 1044 3220 digitum
1063 3143 1188 3197 meum
1206 3120 1245 3195 in
1264 3120 1314 3196 lo·

181 3276 265 3328 eum
279 3235 478 3341 clavorum,
498 3265 536 3328 et
555 3254 698 3329 mittam
731 3262 886 3326 manum·
901 3249 1077 3325 meamiu
1100 3248 1197 3325 latus
1215 3249 1313 3336 eius,

182 3406 254 3457 non
280 3383 440 3457 credam.
817 3361 823 3371 ’
867 3390 871 3395 ’
951 3387 954 3393 ’
1119 3359 1120 3364 “

286 3504 339 3586 26
366 3509 415 3586 Et
440 3522 525 3608 post
552 3494 629 3584 dies
648 3521 743 3596 oete,
763 3496 895 3583 iterum
924 3516 1029 3582 erant
1047 3485 1216 3605 diseipuii
1240 3503 1315 3581 eius

181 3639 292 3712 intus:
322 3650 361 3713 st
383 3636 544 3712 Thomas
562 3659 645 3712 eum
665 3636 731 3711 eis.
751 3634 862 3711 Venit
889 3630 1139 3708 {sensianum
1157 3631 1318 3717 clausis,

182 3778 221 3841 et
248 3766 352 3839 stetit
379 3764 415 3839 in
434 3764 567 3852 medio,
595 3776 634 3838 et
661 3764 765 3838 dixit:
783 3761 874 3836 Pax
902 3759 1021 3835 vobis.

193 3940 197 3946 -
287 3886 339 3966 27
368 3892 504 3967 deinde
523 3891 610 3967 dicit
628 3891 810 3966 Themaet-
821 3889 925 3965 {nien
933 3886 1088 3987 digitum
1107 3898 1214 3968 tunm
1233 3885 1317 3970 hue,

183 4034 222 4096 et
248 4021 330 4096 vide
357 4044 487 4095 manus
516 4041 630 4108 meas,
659 4031 697 4094 et
725 4019 815 4093 affer
841 4028 1126 4102 muniminum,
1154 4025 1195 4088 et
1214 4014 1321 4090 mitts

184 4148 221 4222 iu
248 4147 344 4223 latus
371 4158 508 4223 meumt'
535 4160 574 4224 et
599 4148 674 4222 nuli
703 4171 783 4223 esse
812 4144 1033 4230 incredulus,
1061 4142 1124 4219 sed
1158 4142 1296 4220 fidelis.
