2986 4912
172 320 234 388 176
513 337 543 385 m
565 337 703 385 rossum
725 336 975 385 counrnrsmvu

252 443 285 487 v.
306 421 356 490 20.
380 421 465 500 Quid
486 420 624 504 Spiritus
645 428 774 485 sanctus
807 422 972 504 discipulis
1004 422 1099 485 datus
1130 421 1309 486 erecturus

173 528 225 592 sit.
237 524 329 588 -In
348 522 405 587 illc
426 522 488 597 dic,
510 525 572 587 hoc
593 531 653 601 cst,
677 542 779 603 quum
800 521 939 604 Spiritus
960 528 1090 586 sanctus
1109 521 1204 588 vobis
1218 522 1312 587 datus

173 629 206 691 in
225 628 317 693 vobis
341 624 649 691 erit.-Praeclare
681 624 825 710 Gyrillus
858 628 945 689 hunc
974 643 1107 688 versum
1134 624 1312 705 exposuit,

173 736 271 810 atque
291 747 310 791 e
330 729 432 791 verbo
453 726 642 807 capnoscctis
663 733 893 806 argumentum
922 725 1112 807 depromens
1132 725 1236 790 evicit
1255 725 1313 787 illa

173 849 227 911 epo
247 847 316 891 snm
335 827 372 890 in
388 836 479 910 patre
500 846 564 890 meo
585 826 677 889 nullo
699 833 794 907 pacto
816 826 900 888 dicta
931 844 1000 889 esse
1021 844 1114 906 posse
1135 825 1174 888 de
1196 831 1315 888 mutua

172 930 274 1012 patris
294 935 326 992 et
345 928 404 990 lilii
424 928 607 1002 dilectione.
620 926 714 989 -Et
734 924 845 988 cosin
864 944 931 999 me;
953 931 1064 990 nostra
1084 932 1204 989 natura
1222 925 1315 988 vide-

173 1031 251 1095 licet
269 1031 301 1093 in
323 1028 450 1094 Christo
464 1034 523 1091 est.
539 1028 583 1091 Et
602 1047 656 1107 epo
676 1025 712 1088 in
732 1025 837 1100 vobis;
853 1033 967 1108 utpote
981 1026 1037 1107 qui
1051 1026 1178 1090 divinae
1204 1025 1314 1089 eflecti

172 1133 273 1196 simus
288 1138 452 1194 consortes
465 1136 613 1193 naturae.
626 1162 667 1174 -
677 1128 763 1192 nudi
779 1127 951 1214 Gyrillum:
968 1129 1036 1209 Epo
1050 1127 1205 1210 siqnidem
1218 1134 1317 1190 natu·

171 1232 285 1296 raliter
304 1231 340 1294 c'n
355 1240 461 1312 patre,
482 1233 606 1312 [ructus
626 1228 709 1293 enim
737 1249 806 1292 snm
833 1229 1025 1293 substantiae
1052 1229 1118 1292 eins
1128 1273 1141 1304 ,
1170 1249 1211 1292 ac
1239 1248 1316 1293 nera

174 1331 321 1414 penitere
341 1331 378 1395 in
405 1329 617 1406 coexistens,
639 1340 668 1392 et
688 1350 727 1392 en
747 1350 780 1392 co
801 1329 937 1393 existens
944 1375 956 1406 ,
977 1330 1046 1394 nito
1076 1351 1115 1393 cn
1144 1329 1226 1394 cito.
1260 1329 1316 1394 Vos

175 1443 278 1499 autent
298 1433 335 1496 in
355 1454 414 1508 mc,
442 1442 472 1496 ct
491 1452 544 1514 epo
564 1431 601 1496 in
620 1432 720 1507 nobis,
734 1443 887 1514 qnatenus
908 1452 961 1513 cqc
975 1431 1099 1515 quidem
1112 1434 1204 1495 dromo
1218 1452 1317 1514 appa·

173 1535 229 1599 rui
237 1580 250 1611 ,
272 1544 427 1598 consortes
456 1545 559 1598 antem
587 1534 715 1598 divinae
746 1544 880 1599 naturae
911 1555 965 1597 cos
983 1532 1132 1610 reddidi,
1163 1532 1317 1615 spiritum

169 1655 269 1700 meum
290 1634 326 1698 t'n
353 1633 439 1697 cobis
458 1632 636 1697 inhabitare
655 1633 788 1716 [aciens.

260 1758 292 1804 v.
313 1735 364 1804 21.
388 1734 456 1800 Sub
476 1756 541 1816 qua
562 1736 743 1800 conditione
764 1734 902 1817 Spiritus
923 1743 1052 1801 sanetus
1077 1736 1160 1800 illud
1181 1736 1320 1799 effectu·

178 1857 236 1903 rus
257 1840 316 1916 sit,
338 1838 490 1901 videlicet
509 1838 537 1900 si
558 1834 677 1900 Christi
698 1843 872 1919 praecepta
892 1838 1113 1902 observemus.
1137 1834 1318 1901 Considera

179 1937 253 2012 κατ’
279 1937 433 2010 malven
456 1943 561 2001 totum
582 1939 631 2000 rei
651 1955 864 2018 processum,
898 1957 995 2018 quem
1025 1941 1075 2004 his
1096 1942 1206 2008 uerbis
1227 1964 1316 2016 κατα

179 2045 323 2118 cnecon
344 2043 492 2110 Christus
513 2047 691 2129 descripsit.
715 2044 789 2122 Illa,
812 2065 896 2128 quae
918 2043 1067 2112 Christus
1087 2049 1192 2127 dixit,
1215 2049 1243 2112 is
1265 2068 1320 2114 co·

177 2161 310 2236 gnoscet
329 2156 383 2218 eui
404 2153 551 2219 Christus
572 2173 631 2235 per
653 2153 811 2237 Spiritum
824 2160 972 2218 sanctum
993 2174 1063 2219 sese
1084 2154 1316 2218 manifestabit.

180 2255 221 2320 Ei
241 2276 311 2323 sese
331 2256 547 2321 manifestabit
577 2257 634 2338 qui
664 2275 683 2319 a
711 2263 803 2337 patre
824 2263 857 2320 et
877 2258 918 2319 ab
947 2259 1017 2339 ipso
1047 2257 1216 2337 diligetur.
1248 2254 1321 2321 lsa

179 2364 274 2438 patre
294 2364 328 2421 et
347 2359 387 2421 ab
408 2359 477 2441 ipso
498 2358 653 2438 diligetur
674 2359 730 2438 qui
750 2359 856 2439 ipsum
877 2358 997 2439 diliget.
1019 2358 1051 2422 ls
1075 2358 1182 2440 ipsum
1215 2357 1322 2438 diligit

180 2461 239 2540 qui
258 2460 357 2541 ipsius
378 2467 551 2541 praecepta
573 2460 735 2523 observat.
748 2457 885 2523 —Nota
905 2460 1003 2524 huius
1023 2460 1190 2523 doetrinae
1209 2458 1251 2523 de
1269 2477 1321 2522 ca·

179 2559 275 2622 ritate
296 2561 536 2624 conclusionem
556 2562 726 2641 analogam
747 2561 883 2623 exordio
905 2580 937 2624 v.
960 2558 1010 2624 15.

260 2680 313 2725 vv.
335 2658 453 2727 22-24.
477 2661 574 2726 Iudas
596 2662 635 2725 de
657 2663 784 2726 duobus
802 2663 992 2742 interrogat,
1009 2681 1070 2727 cur
1084 2661 1235 2728 Christus
1249 2683 1318 2729 sese

180 2762 368 2846 discipulis,
390 2771 429 2827 ut
449 2764 599 2842 dixerat,
628 2765 895 2829 manifestaturus
915 2772 1020 2844 esset,
1054 2785 1115 2829 cur
1145 2787 1211 2831 non
1242 2769 1319 2832 item

182 2864 314 2927 mundo.
338 2863 464 2927 Rerum
484 2871 594 2928 autem
615 2866 855 2929 contrariarum
877 2868 1055 2932 contrarias
1087 2867 1239 2935 Christus
1268 2888 1319 2933 ra·

180 2967 281 3030 tiones
302 2967 398 3029 allert
417 2986 623 3048 caussasque.
647 2966 776 3032 Primae
808 2969 991 3046 quaestioni
1021 2971 1115 3051 plene
1142 2971 1317 3055 respondet

180 3091 213 3134 v.
235 3069 288 3148 23,
310 3089 349 3134 ca
369 3077 517 3152 repetens
538 3073 655 3154 quibus
677 3074 773 3136 modo
795 3091 866 3136 eam
888 3079 1130 3156 occupaverat3
1152 3079 1186 3136 at
1206 3092 1319 3137 secuu-

181 3171 242 3236 dae
262 3192 295 3236 v.
316 3171 358 3239 sd
378 3184 535 3255 quantum
555 3175 631 3239 satis
652 3180 736 3238 essct
749 3194 791 3238 ex
805 3195 872 3255 quo
894 3178 1031 3257 quisque
1053 3175 1233 3241 adduceret
1246 3193 1318 3239 con-

184 3277 321 3341 trarium
342 3279 412 3341 eius
433 3299 499 3359 quo
520 3281 612 3361 prior
632 3280 798 3362 responsio
820 3281 1043 3357 concluditur,
1069 3280 1220 3359 hancque
1242 3281 1319 3344 alte·

182 3393 253 3438 ram
274 3378 317 3440 ita
339 3380 551 3460 supplendam
570 3398 639 3443 esse
660 3385 809 3461 apparet:
825 3377 889 3445 Nec
906 3388 997 3463 pater
1011 3398 1095 3441 mens
1110 3377 1223 3460 dilipet
1237 3398 1316 3453 enm,

182 3494 279 3559 neque
293 3479 335 3541 nd
348 3498 417 3541 cnm
430 3477 601 3552 veniemus,
616 3497 712 3560 neqne
725 3478 919 3542 mansionem
932 3480 1017 3560 apud
1030 3498 1098 3541 enm
1111 3477 1320 3561 faciemus.-

182 3574 269 3641 Nota
290 3580 390 3643 verba
410 3579 533 3661 plurali
552 3599 691 3642 numero
712 3579 887 3655 veniemus,
910 3579 1080 3662 facientum
1100 3599 1209 3661 neque
1232 3587 1264 3646 te
1283 3581 1320 3644 il·

182 3678 242 3742 lud
262 3686 468 3761 praetereat,
491 3687 530 3742 ut
551 3678 698 3744 Christus
720 3699 785 3744 una
806 3700 882 3745 cum
902 3687 995 3762 patre
1015 3681 1196 3761 codemque
1223 3683 1318 3746 modo

184 3795 222 3841 ac
242 3785 335 3859 pater
355 3780 396 3842 ad
415 3799 472 3844 nos
493 3780 602 3844 veniat
622 3787 654 3843 et
674 3782 761 3861 apud
781 3800 838 3844 nos
860 3779 1147 3857 maneat—Quod
1170 3781 1319 3847 Christus

185 3880 321 3953 solebat,
345 3900 447 3960 quum
469 3881 563 3944 fldem
585 3883 691 3944 verbis
706 3883 772 3945 suis
786 3883 886 3963 magis
901 3901 938 3946 ac
952 3884 1052 3963 magis
1066 3882 1242 3947 conciliare
1255 3882 1321 3947 vel-

186 3980 245 4059 let,
267 3988 306 4044 ut
325 3982 537 4062 profiteretur
557 4002 591 4046 se
611 3984 691 4046 nihil
711 3984 802 4048 aliud
822 3985 915 4067 loqui
934 3986 995 4048 nisi
1016 4004 1100 4066 quac
1120 4004 1139 4048 a
1160 3992 1256 4068 patre
1276 3987 1320 4049 di·

186 4080 322 4159 diccrat‚
346 4089 422 4146 tunc
443 4103 575 4163 quoquc
596 4084 686 4159 lecit,
710 4086 950 4166 responsionem
971 4087 1016 4151 ita
1037 4087 1257 4153 concludens:
1279 4085 1319 4151 ln

186 4198 354 4245 sermonem
375 4199 464 4262 quem
484 4182 620 4246 audistis
640 4194 668 4246 ct
688 4194 799 4248 cetera.
