2986 4912
172 305 234 379 186
474 333 505 380 m
525 333 663 381 manen
683 335 936 383 concurratur

279 415 306 495 b
331 420 403 496 Sed
439 422 531 496 baec
551 423 695 498 locutum
720 448 803 498 sum
829 425 954 498 vobis:
982 436 1025 498 nt
1051 446 1135 496 cnm
1167 425 1309 499 venerit

171 548 263 626 bora
280 572 409 624 eornm
425 550 724 636 reminiscamini,
752 552 838 650 qnia
852 574 920 650 ego
937 550 1014 625 dixi
1039 550 1156 625 vobis.

278 672 432 783 5J1aec
447 693 572 754 antem
599 679 704 754 vobis
730 680 779 755 ab
793 681 909 755 initio
926 704 1000 754 non
1015 678 1106 766 dixi,
1132 680 1219 778 qnia
1247 705 1313 756 vn-

172 805 315 882 biscnm
341 829 456 880 eram:
483 806 534 881 Et
559 832 656 881 nnnc
683 809 775 883 vado
801 808 850 882 ad
875 831 991 893 enm,
1014 808 1078 905 qui
1109 808 1212 882 misit
1237 830 1314 896 me3

174 948 216 1009 et
239 956 347 1008 nemo
373 957 422 1007 ex
448 933 553 1008 vobis
569 933 771 1032 interrogat
797 959 871 1020 me,
897 932 978 1024 Quo
1004 932 1143 1009 radis?

282 1054 309 1135 6
335 1059 407 1135 Sed
432 1061 517 1159 quia
543 1061 634 1135 baec
660 1061 804 1136 locutus
829 1085 912 1136 sum
935 1060 1052 1135 vobis:
1071 1059 1221 1135 tristitia
1240 1061 1315 1134 im-

176 1186 291 1287 plevit
307 1211 371 1262 cor
392 1201 570 1262 vestrum.

284 1310 309 1390 7
337 1316 409 1392 Sed
435 1340 504 1414 ego
530 1316 725 1391 veritatem
741 1317 823 1392 dico
842 1316 959 1391 robis:
977 1317 1127 1414 expedit
1140 1315 1246 1391 robis
1273 1329 1315 1391 ut

175 1466 244 1543 ego
270 1445 412 1519 radam:
439 1443 471 1518 si
498 1445 596 1521 cnim
610 1468 682 1518 non
714 1444 852 1531 abiero,
880 1444 1082 1518 Paraclitus
1098 1468 1170 1518 non
1189 1444 1314 1519 veniet

178 1573 225 1649 ad
250 1597 329 1648 vos:
345 1573 375 1647 si
394 1586 517 1649 autem
544 1571 682 1658 abiero,
700 1574 845 1649 mittam
863 1597 949 1647 eum
976 1572 1023 1647 ad
1048 1597 1128 1648 vos.

285 1694 311 1775 8
338 1699 386 1775 m
403 1702 642 1776 cumvenerit
656 1701 732 1785 ille,
751 1716 880 1799 arguet
893 1701 1067 1776 mundum
1084 1701 1130 1774 dc
1148 1714 1316 1798 peccato,

180 1828 289 1904 etde
317 1829 469 1916 institia,
496 1829 593 1904 etde
613 1828 756 1903 iudicio.

285 1950 311 2031 9
337 1956 382 2032 dc
408 1972 560 2055 peccato
576 1957 736 2055 quidem:
756 1957 841 2056 quia
858 1980 931 2030 non
945 1955 1175 2030 crediderunt
1188 1955 1226 2028 in
1241 1977 1315 2029 mc:

288 2077 339 2160 10
364 2087 409 2160 de
429 2086 566 2162 institia
594 2110 701 2161 vero:
721 2085 805 2184 quia
832 2085 878 2160 ad
892 2084 1039 2160 Patrem
1056 2084 1169 2159 vado:
1189 2097 1230 2159 et
1243 2084 1317 2159 iam

181 2238 254 2289 nun
280 2214 449 2289 videbitis
476 2237 549 2288 me:

291 2335 336 2415 11
368 2341 421 2415 De
450 2341 581 2415 iudicio
608 2355 746 2417 autem:
772 2342 857 2441 quia
884 2343 1053 2440 princeps
1071 2340 1178 2415 buius
1192 2339 1318 2414 mundi

183 2472 256 2543 iam
276 2469 457 2543 iudicatus
483 2482 555 2543 est.
673 2506 685 2528 ·

292 2588 342 2671 12
370 2594 498 2669 Adbuc
525 2595 639 2671 multa
658 2595 776 2671 babeo
793 2596 897 2670 vobis
914 2596 1047 2670 diceret
1067 2595 1131 2668 scd
1150 2617 1223 2668 non
1238 2607 1320 2692 pot-

184 2723 274 2799 estis
299 2737 446 2821 purtare
473 2723 595 2797 modu.

292 2844 341 2926 13
368 2848 461 2925 Cum
479 2865 602 2927 autem
630 2853 772 2927 venerit
798 2851 859 2925 ille
886 2848 1042 2950 Spiritus
1059 2850 1237 2935 veritatis,
1251 2849 1320 2924 do·

187 2979 284 3054 cebit
297 3002 363 3052 vus
381 3001 527 3053 omnem
546 2980 754 3055 veritatem.
770 2980 952 3054 nonenim
966 2978 1135 3078 loquetur
1152 3002 1173 3052 a
1189 2990 1320 3053 semet·

187 3108 286 3205 ipso:
315 3107 379 3181 scd
405 3130 653 3205 quaecumque
685 3108 808 3182 audiet
843 3106 1029 3206 loquetur,
1053 3119 1092 3183 et
1117 3129 1211 3205 quae
1239 3129 1321 3180 ven-

189 3248 272 3310 tura
300 3249 385 3310 sunt
403 3235 636 3310 annunciabit
663 3235 781 3310 vobis.

297 3355 348 3436 ib
374 3361 438 3437 ille
465 3386 526 3438 mc
552 3361 785 3437 clarificabit:
813 3363 898 3461 quia
924 3363 969 3438 de
998 3385 1081 3438 mcc
1099 3361 1268 3462 accipiet,
1286 3375 1322 3438 et

192 3489 424 3565 annunciabit
452 3490 567 3565 vobis.

301 3611 350 3693 15
378 3618 508 3694 Omnia
535 3643 783 3718 quaecumque
811 3619 923 3693 habet
957 3618 1083 3706 Pater,
1116 3642 1199 3693 mea
1228 3634 1325 3694 sunt.

191 3743 390 3845 Propterea
417 3747 512 3822 dixi:
541 3747 692 3847 quiade
721 3772 803 3822 mco
831 3747 1001 3846 accipiet,
1029 3759 1068 3821 et
1094 3747 1328 3824 annunciabit

193 3872 310 3948 vobis.
400 3864 406 3891 ¹

302 3995 353 4076 16
381 4000 574 4090 Modicum,
602 4020 641 4080 et
673 4005 744 4079 iam
762 4027 835 4078 nun
849 4004 1018 4079 videbitis
1033 4027 1104 4080 me:
1135 4005 1326 4082 etiterum

195 4127 390 4219 modicum,
424 4146 462 4206 ct
476 4132 644 4208 videbitis
673 4155 744 4207 me:
773 4132 855 4229 quia
879 4132 968 4207 vado
988 4132 1034 4206 ad
1059 4129 1222 4207 Patrem.
1349 4184 1352 4195 ·
