2986 4912
478 246 579 294 esrvr
602 247 720 296 rnruvu
1156 232 1196 300 13

48 333 106 398 sed
125 333 236 397 lumen
258 333 344 408 fidei,
367 339 503 412 apparet
523 352 565 395 ex
580 327 633 411 Io.
656 330 739 409 XII,
760 329 811 396 35.
839 331 890 397 36.
914 333 1080 413 Secundo,
1104 336 1192 415 quod

51 454 116 499 nou
135 435 176 498 sit
188 435 301 496 lumen
315 433 389 496 fidei
402 433 603 514 simpliciter,
626 433 682 496 sed
696 433 771 495 fidei
780 452 839 514 per
860 433 1045 498 charitatem
1062 456 1194 517 operere-

53 534 106 608 tis,
127 541 261 615 apparot
283 553 325 596 ex
341 531 387 596 Io.
412 532 508 610 VIII,
531 532 582 614 123
605 535 727 597 lumine
749 535 833 596 enim
852 535 926 598 fidei
950 538 1193 617 perfunduntur

53 637 149 699 etiam
171 635 229 714 qui
248 632 414 697 Christum
436 654 499 697 non
519 641 725 714 sequuntur,
748 637 780 697 id
806 643 875 714 est,
899 639 1039 716 quinon
1063 647 1193 717 aurant,

53 739 109 819 qui
130 739 216 800 male
237 743 428 818 operantur.
452 736 591 801 Obiieies
606 739 706 800 verba
723 757 802 800 mox
816 741 994 818 sequentia:
1011 741 1063 801 sed
1076 741 1196 804 hebebit

50 843 156 902 lumen
176 839 270 902 vitae.
298 839 360 904 Sed
382 841 486 901 temen
507 839 590 902 vitoe
604 847 654 903 est
668 841 813 917 eiieotus,
837 842 941 903 lumen
953 841 1027 922 fidei
1041 850 1090 906 est
1104 863 1196 907 eaus-

52 960 101 1017 sa,
123 942 185 1004 hoo
208 947 354 1022 tempore
368 942 529 1020 praesenti
550 941 701 1014 ambulat,
720 942 803 1003 illud
825 942 939 1005 futuro
957 941 1078 1004 hebebit
1097 964 1196 1007 enun-

52 1043 165 1106 tiatur.
190 1041 336 1105 Itemex
358 1040 404 1106 Io.
436 1040 505 1120 Ill,
528 1041 578 1107 18.
604 1042 665 1121 19,
692 1049 730 1106 ut
753 1050 916 1124 postrema
944 1045 1028 1108 ratio
1059 1046 1194 1108 evincit:

53 1152 146 1207 erent
166 1143 249 1206 enim
270 1163 375 1206 eorum
395 1144 481 1206 mela
502 1163 606 1223 opere.
629 1143 769 1208 Obiieies
795 1165 923 1210 sensum
949 1166 1017 1210 esse
1042 1148 1116 1210 ideo
1140 1150 1198 1212 ho·

54 1246 156 1308 mines
178 1247 312 1308 eredere
333 1247 488 1323 noluisse,
512 1246 589 1326 quia
610 1248 762 1310 amabant
783 1249 868 1310 male
883 1267 990 1328 agere.
1013 1248 1099 1329 Lege
1119 1269 1197 1330 ergo

56 1349 149 1423 haee,
174 1367 258 1428 quae
277 1350 386 1411 statim
410 1356 604 1428 sequuntur:
624 1347 734 1411 Omnis
755 1348 850 1423 enim,
866 1349 922 1430 qui
938 1352 1018 1411 mele
1039 1350 1119 1431 opit,
1134 1351 1200 1414 odit

59 1449 170 1522 locem,
193 1458 221 1512 et
241 1469 306 1512 ooo
327 1449 414 1513 venit
434 1453 475 1513 ad
496 1452 605 1513 lucem.
632 1446 695 1527 Qui
716 1461 818 1513 eutem
832 1451 912 1532 sarit
925 1451 1099 1527 veritatem,
1114 1453 1201 1516 venit

60 1550 103 1612 ed
122 1552 222 1613 lucem
248 1550 316 1631 (I),
339 1559 378 1615 ut
398 1572 500 1616 uuum
524 1560 622 1633 atque
643 1554 729 1615 idem
753 1555 794 1616 sit
814 1556 899 1617 male
920 1574 1015 1635 agere
1040 1562 1073 1618 et
1091 1557 1201 1619 lucem

60 1652 178 1728 odisse,
201 1654 282 1716 bene
306 1673 403 1733 agere
424 1660 457 1717 et
477 1655 587 1718 venire
609 1655 649 1716 ad
668 1656 788 1718 lucem.
809 1654 966 1731 -Quod
987 1663 1096 1718 autem
1121 1667 1203 1719 tene-

60 1753 133 1816 brae
153 1773 218 1817 non
239 1755 313 1816 fidei
342 1755 506 1818 deiectum
534 1755 744 1836 simpliciter,
774 1757 829 1818 sed
850 1756 924 1818 fidei
945 1774 1005 1835 per
1034 1758 1202 1819 caritatem

61 1857 244 1936 operantis,
274 1858 470 1938 significent,
495 1864 565 1921 tum
590 1878 633 1920 ex
664 1859 836 1939 propositis
860 1859 925 1920 iam
952 1865 1107 1938 apparet,
1132 1865 1202 1921 tum

61 1976 104 2020 ex
124 1958 205 2020 aliis.
232 1956 335 2035 Nam,
358 1959 385 2020 si
405 1979 498 2022 secus
520 1965 623 2036 esset,
647 1978 731 2038 quae
754 1959 910 2038 leguntur
929 1959 962 2018 in
986 1956 1032 2021 Io.
1056 1956 1205 2035 xl1,46

61 2058 148 2120 idem
172 2060 321 2122 valerent
345 2059 463 2140 ae,qu
479 2059 577 2121 credit
596 2058 706 2133 ieme,
729 2061 836 2121 eredat
858 2058 895 2120 ire
918 2077 974 2120 me.
999 2057 1036 2120 ln
1064 2056 1079 2119 l
1103 2056 1150 2121 Io.
1175 2057 1202 2136 I,

63 2157 84 2222 6
108 2159 142 2235 ii,
165 2178 247 2238 quos
272 2158 406 2224 Ioannes
427 2162 621 2240 alloquitur,
644 2167 732 2223 eerte
753 2161 817 2222 iam
833 2160 1017 2237 eredebant,
1041 2159 1128 2238 quod
1149 2178 1207 2240 ap-

63 2267 158 2341 paret
176 2280 277 2341 porro
299 2283 316 2325 θ
337 2264 449 2344 primis
470 2265 590 2326 verbis.
617 2261 731 2325 Totam
752 2281 822 2324 rem
842 2262 936 2341 plene
956 2280 993 2323 ea
1014 2261 1206 2323 confirmant

65 2383 150 2444 quae
169 2366 326 2444 leguntur
346 2367 379 2427 in
402 2364 449 2428 Io.
466 2364 519 2443 II,
536 2364 639 2430 8-II.
652 2363 848 2444 -Denique
862 2362 930 2425 vito
944 2369 993 2425 est
1007 2363 1037 2423 id
1049 2363 1138 2442 quod
1149 2363 1206 2424 illa

64 2466 134 2545 ipsa
162 2466 240 2529 fides
263 2467 354 2529 nobis
378 2473 535 2547 praestat,
557 2468 656 2530 vitam
681 2467 813 2544 inquam
838 2466 891 2529 vel
916 2464 1050 2543 gratiae,
1063 2464 1118 2526 vel
1140 2463 1208 2542 glo-

66 2566 147 2642 riae,
173 2569 226 2630 vol
254 2576 439 2648 utramque.
472 2566 518 2631 Io.
547 2566 574 2644 1,
603 2563 635 2647 43
663 2566 722 2644 III,
750 2564 799 2630 15.
829 2564 878 2631 16.
912 2563 964 2644 363
993 2563 1033 2641 V,
1063 2558 1120 2643 213
1147 2561 1205 2639 VI,

65 2661 117 2733 40.
140 2662 191 2747 II,
214 2666 306 2744 VIII,
328 2666 381 2748 123
407 2666 466 2744 XI,
492 2666 544 2748 253
573 2665 647 2744 xil,
673 2664 714 2732 50
740 2667 815 2729 coll.
843 2663 897 2745 493
921 2662 1027 2741 XVII,
1056 2661 1089 2743 33
1115 2662 1130 2724 I
1156 2660 1204 2725 Io.

68 2770 110 2847 V,
131 2767 182 2838 10.
212 2769 261 2835 II.
291 2769 341 2835 13.

149 2871 300 2934 Attamen
323 2891 382 2952 per
406 2871 635 2954 metonymiam
659 2867 807 2932 Christus
835 2870 893 2928 lter
917 2869 971 2930 vel
998 2866 1079 2941 vita,
1106 2867 1210 2928 homi-

70 2993 127 3036 nes
146 2979 257 3034 autem
276 2974 333 3034 illa
353 2972 416 3033 fide
438 2971 583 3034 destituti
603 2969 743 3031 tenebrae
764 2974 925 3031 vocantur
945 2967 1091 3046 subinde3
1107 2966 1210 3029 sicubi

69 3094 151 3138 vero
179 3076 247 3155 ipsa
268 3075 346 3137 fides
375 3075 432 3134 lux
453 3079 604 3148 vocatur,
631 3078 680 3134 est
703 3071 781 3131 item
802 3068 1013 3152 metonymia,
1040 3067 1211 3147 usurpatio

69 3177 203 3256 inquam
228 3195 361 3238 caussae
389 3194 449 3255 pro
474 3174 604 3236 effectu.
631 3171 755 3234 Paulus
780 3171 878 3232 lucem
902 3177 935 3231 et
955 3169 1095 3231 tenebras
1115 3185 1213 3230 voea-

73 3279 121 3342 vit
144 3279 288 3341 homines
316 3279 372 3338 illa
400 3277 461 3339 fide
489 3276 651 3357 praeditos
673 3280 706 3335 et
726 3273 896 3334 destitutos
912 3270 965 3350 (2).

153 3376 194 3440 Io
215 3377 282 3458 ipso
303 3377 371 3438 vite
392 3386 468 3439 erat.
491 3376 637 3439 Verbum
658 3381 707 3437 est
726 3392 840 3436 caussa
857 3372 943 3436 vitae
963 3372 1211 3446 cuiuscumque,

72 3480 130 3543 sed
151 3479 342 3560 praesertim
370 3485 439 3540 tum
468 3477 589 3558 gratiae
614 3483 683 3538 tum
705 3474 837 3555 gloriae.
854 3505 894 3515 -
907 3470 950 3532 Et
976 3468 1044 3530 vito
1068 3475 1136 3529 eret
1155 3468 1215 3526 tter

73 3579 245 3642 hominum.
273 3577 386 3642 Solum
405 3580 518 3642 lumen
541 3579 632 3654 fidei,
659 3595 737 3658 quae
752 3595 811 3653 per
835 3571 1019 3634 charitatem
1047 3574 1213 3648 operetur,

75 3702 149 3745 eam
169 3684 269 3747 vitam
288 3683 378 3746 nobis
400 3681 498 3761 parit3
521 3679 596 3760 quio
617 3675 720 3741 iustus
733 3697 772 3738 ea
784 3677 843 3756 fide
857 3670 1001 3751 vivit(3).
1017 3669 1100 3751 Apte
1121 3667 1215 3732 Chri·
1306 3752 1312 3768 Ι

150 3902 186 3968 (1)
206 3903 245 3952 ιο.
264 3904 312 3969 m,
337 3902 381 3951 eo.
399 3902 443 3950 21.

149 3995 185 4061 (θ)
203 3996 267 4059 upa.
292 3997 323 4063 v,
346 3994 372 4045 a.

153 4087 186 4152 (a)
207 4090 264 4139 oar.
295 4090 342 4156 ur,
364 4090 406 4137 υ.
