2986 4912
168 291 210 360 fit)
512 307 542 352 rs
564 306 700 352 tormen
721 307 971 353 corrosuris:

173 397 234 457 bus
254 392 426 455 accideret.
451 389 545 452 lubet
564 410 643 470 ergo
663 410 719 453 eos
739 390 889 454 Cbrislus
911 411 942 453 r.
957 389 1000 456 98
1018 410 1084 452 noo
1104 390 1221 454 miror-i
1240 392 1314 464 doe,

173 494 262 574 quod
282 493 425 566 dixerat,
446 492 666 570 continuoque
687 492 846 554 rationem
865 492 973 567 addit,
1002 491 1080 572 quio
1106 511 1212 554 omres
1240 493 1316 572 qui-

173 595 248 657 dem
268 599 458 671 resurgent,
484 599 627 653 attamen
647 611 678 653 v.
700 590 743 656 29
762 593 843 655 alios
863 592 928 654 alia
948 600 1037 655 sorte
1057 612 1096 655 ao
1116 591 1314 656 conditione.

176 693 288 770 Quare
298 695 409 756 verba:
422 692 499 773 quio
516 712 633 764 oroneo,
654 691 711 772 qui
730 692 766 754 io
786 693 995 754 monumentis
1008 705 1094 768 sunt,
1110 693 1243 754 audient
1262 711 1320 753 oo-

177 812 242 854 cem
260 791 324 872 filii
343 791 416 866 Dei,
430 811 495 854 non
515 794 705 874 exprimunt
724 813 920 872 remquam
942 793 1054 855 ludaei
1074 794 1189 855 mirari
1206 793 1320 875 probi-

177 893 308 968 bentur,
330 894 386 954 sed
407 895 567 956 rationem
581 912 634 968 ne,
650 893 739 970 quod
759 893 909 956 Christus
926 895 1068 969 dixerat,
1084 913 1258 975 perperam
1270 895 1320 954 in-

180 993 359 1072 telligentes
380 992 590 1054 mirarentur.
608 991 876 1054 Animadvertere
891 994 1035 1055 invalui
1048 992 1197 1055 Cbrislus
1211 995 1246 1054 in
1259 994 1320 1055 bae

181 1092 436 1167 oralione,sicnt
446 1091 522 1151 alibi
531 1089 586 1169 (l),
596 1091 640 1151 ita
651 1090 690 1153 de
705 1091 824 1153 iudicio
840 1092 987 1154 iaciendo
1000 1093 1172 1170 loquatur,
1182 1098 1221 1153 ut
1232 1091 1322 1170 quod

183 1193 316 1255 dennis
336 1192 491 1272 improbis
512 1192 696 1254 laciendum
719 1193 780 1269 sit,
809 1193 908 1271 idque
933 1192 976 1254 ob
1000 1211 1056 1255 eas
1083 1210 1213 1255 caussas
1241 1210 1323 1272 quas

184 1292 364 1357 Nicodemo
384 1293 513 1353 dixerat
523 1291 577 1370 (⁶2).

269 1412 302 1454 v.
323 1387 374 1458 30.
397 1392 536 1466 Eorum,
559 1412 643 1470 quoe
664 1391 812 1457 Christus
834 1396 866 1455 in
880 1396 940 1456 bae
960 1396 1065 1475 prima
1078 1395 1234 1458 orationis
1247 1413 1326 1458 suae

190 1501 284 1575 parte
304 1512 362 1556 nos
383 1494 507 1569 docuit,
529 1500 628 1574 eaput
647 1504 696 1555 est
716 1503 865 1557 aeternas
886 1496 1052 1558 bominum
1072 1496 1160 1557 vices
1173 1495 1215 1556 ab
1227 1496 1327 1575 ipsius

192 1594 313 1656 iudicio
333 1594 525 1673 dependere.
550 1593 640 1657 Hono
661 1596 772 1672 itaque
792 1603 919 1675 partem
948 1595 1114 1658 concludit
1139 1596 1251 1658 iudicii
1277 1596 1328 1660 sui

194 1695 391 1772 aequitatem
411 1694 645 1769 demonstrans,
667 1696 792 1758 ratione
813 1695 1004 1775 deprompta
1025 1715 1068 1758 ex
1087 1714 1127 1758 eo
1147 1695 1219 1776 ipso
1238 1696 1328 1776 quod

193 1794 423 1874 explicandum
442 1803 637 1874 sumpserat,
659 1804 704 1871 el,
724 1815 790 1857 noo
806 1815 947 1876 possum,
969 1797 1086 1876 inquil,
1102 1817 1123 1857 o
1136 1795 1266 1877 meipso
1283 1799 1332 1878 so-

194 1913 262 1955 cero
281 1892 471 1974 quidquam,
492 1913 550 1957 nec
571 1914 686 1976 quaero
706 1896 900 1957 uoluntatem
919 1915 1038 1969 meam,
1059 1899 1113 1957 sed
1138 1899 1332 1959 voluntatem

195 1995 274 2070 eius,
294 1995 352 2075 qui
370 1995 458 2057 misit
476 2016 543 2068 me,
565 2016 668 2075 quare
689 2017 748 2059 nec
769 1999 866 2059 aliter
890 1997 996 2059 iudico
1020 2000 1081 2061 nisi
1107 1997 1189 2060 sieut
1209 1997 1308 2059 audio
1317 2015 1333 2070 ,⁰

196 2116 275 2175 ergo
295 2094 450 2157 iudicium
470 2115 571 2158 meum
593 2096 707 2158 iustum
729 2108 782 2160 est.
805 2098 902 2161 Vides
923 2106 960 2160 ut
981 2099 1068 2161 lilius
1083 2099 1237 2160 iudicium
1253 2117 1336 2178 quo-

199 2217 263 2275 que
283 2218 348 2260 non
367 2199 457 2260 solus
478 2199 594 2270 iaciat,
616 2200 672 2261 sed
693 2219 758 2262 una
779 2218 855 2262 cum
875 2207 989 2279 patre3
1016 2199 1141 2277 quade
1162 2218 1200 2260 re
1220 2217 1337 2261 versus

198 2295 240 2359 22
258 2299 402 2376 aliquam
423 2299 656 2361 dubitationem
671 2301 790 2363 aiierre
804 2301 987 2362 videbatur.
1000 2334 1041 2344 -
1052 2299 1139 2362 lllnd
1154 2300 1339 2362 considera·

201 2398 320 2459 tionem
340 2406 506 2472 meretur,
536 2401 624 2478 quod
646 2399 794 2463 Christus
818 2402 850 2461 in
870 2401 1095 2481 superioribus
1121 2400 1272 2462 versibus
1301 2399 1360 2479 de.

203 2496 271 2556 lilio
290 2497 451 2575 loquutus
470 2504 520 2559 est
540 2499 682 2560 adbibita
701 2519 829 2580 semper
850 2502 945 2562 lerlia
976 2501 1155 2562 verborum
1180 2517 1321 2578 persona
1328 2517 1339 2577 3

203 2616 289 2660 nunc
308 2600 447 2679 primam
467 2600 621 2662 orationis
643 2608 769 2681 partem
791 2603 986 2664 concludens
1010 2602 1148 2682 primam
1168 2616 1343 2680 personam

204 2706 357 2778 usurpat,
380 2707 451 2760 tum
471 2705 510 2760 ut
530 2701 676 2762 ostendat
695 2720 760 2763 non
781 2703 821 2764 de
843 2703 908 2765 alio
929 2722 962 2764 se
982 2703 1159 2780 loquulum
1186 2718 1257 2762 esse
1283 2698 1343 2760 nisi

207 2800 314 2876 dese,
339 2803 408 2859 tum
429 2800 505 2877 quia
525 2800 590 2861 iam
611 2802 843 2864 transeundum
864 2803 973 2864 estad
995 2803 1131 2864 alteram
1151 2804 1293 2879 partem,
1312 2798 1345 2858 in

207 2921 273 2981 qua
293 2903 498 2980 propositum
517 2904 717 2982 urgendum,
741 2924 882 2984 gensque
903 2904 1064 2967 incitanda
1085 2903 1125 2964 ad
1146 2901 1346 2963 eredendum

207 3003 246 3064 iis
267 3020 351 3080 quae
373 3002 438 3082 ipse
460 3002 500 3064 de
519 3023 554 3065 se
575 3005 714 3068 dixerat.
729 3004 929 3069 -Cbristus
949 3008 1148 3085 loquebatur
1168 3021 1233 3082 qua
1247 3001 1347 3063 homo

208 3108 292 3179 erat;
314 3101 388 3163 bine
409 3103 504 3178 illud,
527 3106 615 3183 quod
636 3107 814 3186 profitetur
828 3109 888 3169 sibi
904 3109 1106 3169 voluntatem
1120 3124 1189 3166 esse
1207 3104 1347 3165 alteram

209 3207 341 3280 praeter
354 3201 443 3262 illam
458 3222 542 3282 quae
556 3205 640 3284 patri
654 3211 713 3267 est.
732 3204 851 3269 Confer
866 3206 912 3268 lo.
930 3206 987 3281 Vl,
1002 3203 1054 3280 38,
1070 3207 1212 3283 itemque
1226 3201 1346 3264 Matlb.

211 3298 338 3375 xxvi,
359 3299 417 3379 393
441 3302 544 3365 Mare.
567 3303 662 3378 xlv,
684 3304 742 3384 363
765 3305 844 3369 Luc.
868 3305 981 3381 XXII,
1003 3303 1053 3370 lu.

292 3398 328 3460 ln
348 3402 451 3481 prima
472 3409 566 3483 parte
587 3403 734 3467 Christus
755 3408 924 3487 complura
949 3407 988 3468 de
1016 3425 1051 3467 se
1079 3403 1217 3466 ludaeos
1244 3401 1347 3463 docu-

213 3505 296 3574 erat,
319 3507 417 3579 atque
437 3503 519 3566 adeo
540 3522 624 3582 quae
645 3505 750 3584 ipsum
770 3525 882 3584 parem
902 3504 985 3580 Doo,
1008 3506 1053 3566 ita
1075 3510 1107 3566 et
1126 3501 1245 3576 Deum,
1262 3519 1351 3576 esse,

213 3601 372 3680 siquidem
392 3621 471 3664 vera
492 3612 609 3679 essent,
626 3606 820 3669 evincerent.
838 3608 994 3668 Restabat
1013 3607 1075 3667 boo
1093 3606 1198 3684 ipsum
1212 3602 1352 3676 efficere,

215 3719 254 3762 ea
274 3704 427 3765 nimirum
449 3723 527 3767 vora
548 3725 628 3769 esse.
653 3705 723 3768 Hoc
745 3709 777 3768 in
802 3710 905 3769 altera
934 3715 1027 3786 parte
1056 3710 1219 3787 praestat,
1249 3701 1354 3764 citatis

217 3803 456 3883 quodammodo
478 3806 627 3881 testibus,
651 3805 764 3868 deinde
784 3805 912 3868 ludaeis
934 3823 1080 3868 caussam
1104 3803 1283 3883 exprobrat
1303 3817 1362 3862 cur

292 4011 334 4080 (ι)
354 4012 393 4062 ιο.
412 4014 460 4076 ιιι,
481 4009 597 4078 ιι-ι9;
617 4013 684 4082 xu,
703 4012 746 4062 ιι.
766 4012 809 4062 ts.

288 4104 323 4171 (2,
346 4107 385 4155 ιι.
405 4106 452 4173 ιιι,
472 4104 515 4155 ts.
