2986 4912
168 316 246 396 tffl'
508 326 966 383 mmmmnmmmmmm

169 427 263 493 nullo
284 432 379 506 pacto
403 436 498 498 eum,
522 421 579 501 qui
599 420 699 501 ipsius
719 419 864 483 minister
884 423 944 498 est,
966 415 1075 482 induci
1095 421 1252 500 oportere
1274 422 1311 482 ut
1354 496 1359 503 .

169 531 210 594 ab
228 529 307 611 ipso
320 522 481 600 discedat,
504 540 544 586 ne
559 523 650 587 'vitae
671 521 801 603 quidem
822 519 1015 609 omittendae
1036 522 1135 583 metu.
1156 516 1223 582 Sed
1246 518 1311 598 pri-
1356 506 1360 513 ’

170 646 225 696 mo
245 628 343 692 huius
364 627 413 691 rei
448 625 607 688 rationem
639 623 772 705 exponit
803 641 835 687 v.
866 619 931 700 25,
948 608 1076 686 ⁸deinde
1106 614 1209 702 ipsam
1233 626 1311 682 'rem

172 729 338 796 enuntiat:
361 725 397 792 st
415 723 488 808 quic
510 724 591 787 mibi
610 723 773 788 ministret
782 735 795 799 ,
816 724 937 805 inquit,
959 741 1006 786 me
1027 730 1187 806 sequetur,
1207 729 1240 784 et
1259 720 1313 784 ubi

172 848 242 897 eum
261 851 329 912 epo,
352 827 425 891 illic
445 819 637 890 et'roireicter
656 844 741 890 meere
761 825 838 902 erit,
860 831 1024 908 postremo
1044 823 1313 906 pollicitationem

177 932 308 999 subiicit
326 948 392 1011 qua
412 930 488 992 illos
509 928 630 992 excitet
649 928 689 990 ad
711 945 782 990 rem
802 927 1029 1010 praestandam
1042 944 1074 991 v.
1088 921 1314 991 ee—Artna

178 1035 212 1097 in
231 1032 388 1096 hocloco
408 1029 493 1093 idern
513 1033 563 1091 est
584 1046 623 1091 ac
643 1027 709 1092 vita
720 1047 732 1107 3
758 1027 798 1090 ad
818 1026 852 1090 id
872 1027 957 1090 enim
979 1024 1128 1092 Christus
1146 1024 1315 1089 ministros

176 1151 266 1211 suos,
276 1132 406 1213 -quibus
427 1129 467 1192 ab
487 1129 556 1210 ipso
576 1146 640 1192 non
660 1129 824 1192 discedere
837 1127 942 1193 fixum
955 1132 1016 1205 est,
1031 1126 1198 1204 hortatur,
1213 1143 1258 1189 ne
1271 1126 1316 1191 vi·

87 1231 89 1234 ’
179 1240 258 1312 mm,
279 1231 336 1295 ubi
357 1232 441 1312 opus
461 1229 514 1306 sit,
536 1227 685 1292 amittere
706 1247 768 1310 pro
787 1227 857 1310 ipso
878 1227 1038 1307 dubitent,
1061 1228 1171 1308 quiin
1191 1245 1234 1292 eo
1254 1225 1317 1291 iam

179 1339 228 1397 est
248 1339 286 1396 ut
305 1348 399 1394 suam
418 1348 479 1411 pro
503 1330 580 1411 ipsis
599 1328 786 1414 profundat.

258 1431 427 1514 Oppositio
447 1431 590 1495 duorum
604 1430 838 1507 membrorum,
855 1430 973 1510 quibus
994 1447 1109 1494 versus
1122 1425 1164 1494 25
1180 1432 1320 1506 comtat,

184 1535 324 1601 ostendit
343 1534 460 1597 omissa
482 1533 613 1614 quidem
634 1551 703 1596 esse
724 1532 882 1614 inprime
902 1532 1071 1610 membro,
1104 1535 1251 1594 attamen
1282 1531 1320 1593 ad

183 1639 246 1701 boe
266 1650 400 1715 quoque
420 1651 459 1697 ea
480 1631 631 1696 adiuncta
651 1632 826 1713 pertinere,
850 1650 935 1713 quae
956 1636 1033 1696 sunt
1051 1632 1085 1694 in
1101 1632 1207 1695 altero
1223 1649 1323 1695 mem·

183 1740 266 1814 bro,
289 1737 335 1799 ita
356 1742 420 1813 ut,
453 1734 605 1818 suppleto
625 1733 721 1815 primi
741 1733 878 1797 membri
898 1753 1016 1811 sensu,
1047 1732 1229 1818 propositio
1251 1731 1322 1796 talis

186 1839 333 1904 exsistat:
359 1834 425 1912 Qut
444 1845 530 1899 cmct
550 1833 691 1898 enimam
711 1853 801 1898 eccm
820 1832 857 1897 io
878 1834 935 1897 boc
954 1835 1094 1913 mendo,
1126 1832 1164 1896 r'e
1194 1841 1325 1896 mortem

187 1950 346 2004 ceterccm
361 1937 470 2018 perdet
489 1955 570 2010 eam,
592 1945 621 1998 et
640 1933 696 2018 qui
716 1936 782 1998 odit
802 1934 943 1999 enimam
962 1954 1052 1999 seam
1066 1934 1102 1998 ire
1120 1935 1321 2013 boemundo,

186 2042 224 2104 ire
243 2039 343 2103 vitem
363 2046 522 2100 aeternam
544 2036 680 2099 custodit
698 2055 777 2100 eam.
801 2035 928 2112 Quibus
947 2038 1059 2118 positis
1080 2045 1216 2119 apparet
1237 2037 1323 2116 iam,

71 2207 74 2213 ,
188 2162 248 2208 nec
269 2142 420 2223 pluribus
440 2158 522 2221 opus
543 2146 592 2202 est
611 2149 650 2202 ut
669 2140 909 2220 intelligamus,
932 2140 972 2202 de
992 2145 1070 2203 utro
1091 2158 1204 2204 amore
1226 2148 1325 2220 atque

190 2222 277 2319 odio,
300 2247 393 2304 recto
414 2259 454 2303 ne
475 2258 516 2302 an
537 2257 653 2320 pravo,
677 2237 825 2304 Christus
844 2241 1013 2321 loquatur.
1055 2260 1057 2267 ’

268 2341 414 2407 Dubium
435 2360 504 2404 esse
526 2340 663 2404 forsitan
684 2341 837 2423 cuiquam
857 2341 1009 2407 videatur
1028 2347 1142 2407 utrum
1171 2343 1276 2408 verba
1302 2353 1327 2407 et

193 2443 248 2506 ubi
267 2461 336 2528 cem
356 2461 423 2522 epo,
444 2439 515 2505 iilic
535 2450 565 2504 et
583 2439 727 2504 minister
745 2459 830 2504 occec
850 2441 910 2505 erit
928 2441 1005 2525 pars
1029 2444 1091 2507 sint
1111 2445 1326 2525 hortationis,

195 2561 237 2609 an
256 2544 451 2625 insequentis
471 2543 723 2625 pollicitationis.
738 2542 900 2624 Equidem
913 2545 1056 2626 primum
1073 2546 1184 2610 verius
1200 2566 1327 2629 censeo;

195 2647 243 2712 sic
262 2646 348 2710 enim
368 2644 503 2709 credere
522 2642 637 2708 suadet
657 2650 727 2707 tum
747 2644 909 2726 particula
929 2653 959 2709 et
969 2689 981 2720 ‚
1013 2665 1097 2727 quae
1118 2666 1194 2711 cnm
1218 2650 1328 2733 priore

196 2747 353 2812 sententia
373 2747 506 2831 copulat
526 2746 607 2809 haec
626 2746 749 2823 verba,
782 2763 801 2808 a
822 2747 941 2826 quibus
961 2766 980 2811 e
1000 2749 1163 2813 contrario
1184 2751 1329 2816 seiuncta

196 2857 273 2915 sunt
287 2867 371 2930 quae
384 2853 579 2929 sequuntur,
595 2853 665 2912 tum
678 2846 1061 2930 uerbum'bonorificcbit,
1076 2870 1154 2932 quo,
1171 2852 1328 2935 quidquid

199 2949 520 3016 Christusministris
540 2949 606 3013 suis
626 2949 774 3031 polliceri
788 2954 928 3030 poterat,
945 2954 1244 3036 comprehenditur,
1261 2961 1328 3020 tum

201 3044 349 3131 denique'
361 3069 488 3129 eorum,
504 3051 562 3131 qui
582 3049 711 3115 Christo
725 3051 918 3130 ministrant,
934 3051 1076 3118 officium
1088 3055 1216 3144 plenius
1231 3071 1330 3140 expo·

201 3154 323 3230 situm,
345 3171 448 3233 quum
468 3153 690 3216 ministrorum
710 3153 753 3216 sit
773 3158 807 3216 et
826 3171 924 3232 eum,
946 3155 1001 3220 cai
1020 3155 1224 3235 ministrant,
1248 3157 1332 3243 sepiri

203 3259 237 3318 et
255 3252 341 3335 apud
362 3255 449 3317 hunc
469 3273 541 3316 esee.

284 3373 316 3419 v.
336 3352 388 3419 27.
412 3352 507 3430 Quod
529 3352 657 3419 Christo
671 3355 705 3416 in
719 3352 924 3419 Gethsemani
937 3358 1090 3423 accidisse
1103 3367 1263 3425 narretur
1275 3361 1333 3446 (l),

205 3455 238 3519 id
257 3457 365 3537 ipsum
386 3462 473 3520 tunc
485 3474 616 3536 quoque
637 3456 765 3534 accidit,
781 3459 986 3540 utcogitatio
1001 3479 1128 3539 eorum,
1145 3481 1231 3543 quae
1245 3464 1351 3530 brevi

204 3563 418 3640 perpessurus
439 3564 521 3637 erat,
544 3558 686 3622 animum
707 3559 776 3622 eius
798 3561 1019 3625 conturbaret.
1041 3561 1146 3626 Viden
1166 3554 1336 3631 ¹Christum

206 3658 426 3722 humanorum
446 3657 623 3722 affectuum
644 3676 817 3740 capacem,
840 3662 967 3724 tametsi
987 3680 1026 3726 eo
1046 3668 1142 3743 pacto
1162 3670 1202 3727 ut
1221 3665 1258 3728 hi
1278 3685 1337 3731 non

208 3765 494 3824 commorerentur
513 3760 574 3822 nisi
594 3760 650 3822 ubi
670 3766 703 3824 et
724 3753 882 3842 quantum
896 3763 964 3845 ipse
977 3764 1107 3829 sineret.
1125 3764 1234 3842 Quam
1255 3787 1338 3834 com·
1361 3773 1363 3776 ’

193 3860 381 3924 motionem
402 3861 470 3941 ipsa
493 3861 562 3924 eius
576 3859 661 3924 dicta
675 3862 900 3943 abruptaeque
915 3863 1069 3930 orationis
1084 3866 1189 3931 forma
1203 3868 1339 3934 mirilico

208 3961 404 4042 exprimunt.
428 3960 513 4025 Huic
534 3968 643 4025 autern
664 3963 922 4043 conturbationi,
956 3984 1041 4046 quae
1071 3973 1147 4031 tune
1172 3967 1336 4036 Christum

208 4061 358 4140 incessit,
391 4062 477 4125 unde
498 4064 624 4126 occasio
647 4062 732 4126 tacte
754 4063 928 4143 credatur,
959 4061 1083 4134 nisiex
1104 4088 1142 4135 eo
1164 4071 1254 4150 quod
1277 4070 1337 4154 ipse

282 4186 988 4270 mmmmmmmfflm
