2986 4912
169 307 232 380 110
521 331 550 378 rs
573 330 710 379 rosanus
733 329 984 380 constaremus

171 417 226 482 vel
246 413 309 485 ἀπο
328 418 380 491 ot,
402 423 441 481 nt
462 419 496 481 in
518 415 623 480 Marc.
646 414 688 493 V,
710 413 751 480 35
772 423 806 479 et
827 417 859 479 in
881 414 1062 496 10.‘111‚2,
1087 419 1140 482 vel
1162 438 1257 517 παρα
1277 419 1325 494 do,

171 523 263 586 utin
282 521 363 586 Luc.
386 519 485 599 vlu,
507 518 559 587 49.
584 520 739 585 Christus
761 522 842 585 duas
865 522 961 585 affert
982 541 1114 588 caussas
1135 524 1326 606 dictorum,

171 642 270 690 unam
290 645 321 687 sc
342 644 380 687 ex
399 624 465 687 Deo
481 623 683 704 processisse,
706 626 846 687 alteram
867 643 888 687 o
907 623 975 686 Deo
994 624 1124 688 missum
1144 626 1282 692 occisso.

251 747 284 791 v.
305 725 358 793 43.
382 727 648 806 Interrogationis
671 745 786 789 sensus
808 742 873 787 non
895 733 945 789 cst
964 728 1053 791 nolle
1074 727 1213 792 ludaeos
1233 729 1328 796 Chri-

171 838 222 893 sto
242 827 363 892 dociles
384 847 482 892 aures
511 828 695 909 praebere;
727 827 754 889 is
786 828 872 889 enim
904 845 1017 890 sensus
1047 837 1097 892 est
1125 829 1325 912 insequentis

171 931 419 1007 enuntiationis,
442 949 508 1011 qua
529 927 679 993 Christus
700 947 851 991 caussam
873 929 981 1010 aperit
1000 929 1083 1007 eius,
1106 932 1196 1010 quod
1224 933 1325 996 inter·

173 1038 357 1112 rogaverat.
380 1028 464 1094 Tum
483 1030 580 1109 longe
594 1028 685 1092 aliud
701 1034 751 1090 est
765 1029 920 1109 loquelam
940 1047 1006 1090 eoae
1021 1048 1217 1110 cognoscere,
1234 1035 1323 1114 quod

172 1133 280 1197 italice
301 1132 437 1196 dicimus
457 1131 652 1194 riconosecrc
673 1131 743 1192 otte
759 1128 962 1210 pronuncio,
976 1131 1067 1194 aliud
1088 1133 1177 1196 nolle
1190 1137 1322 1201 auscul-

172 1240 257 1314 tarc3
279 1233 342 1295 hoc
362 1231 452 1293 illius
473 1249 587 1294 cerussa
609 1236 698 1293 ccrtc
719 1235 779 1293 cst.
796 1228 889 1293 Adde
909 1230 999 1311 qnod
1013 1249 1078 1294 non
1091 1232 1124 1294 in
1136 1234 1212 1301 loco
1227 1232 1320 1299 Chri-

170 1336 241 1398 stus
263 1333 400 1396 ludaccs
422 1351 461 1395 ea
482 1332 522 1394 ‹lc
543 1351 580 1395 rc
601 1331 876 1412 reprehendisset,
893 1332 1046 1395 videlieet
1059 1335 1115 1396 ubi
1130 1335 1220 1400 aliud
1236 1338 1319 1401 mul·

172 1440 207 1498 to
228 1435 360 1514 gravius
381 1433 431 1494 his
452 1432 683 1512 exprobrabat,
707 1431 1067 1511 odium‚inquam,quo
1088 1434 1194 1514 ipsum
1208 1455 1318 1518 prosc·

172 1537 378 1616 qucbantur,
401 1533 483 1597 adeo
505 1542 543 1597 ut
564 1533 603 1595 dc
626 1534 694 1614 ipso
721 1533 946 1596 interficiendo
974 1535 1107 1597 consilia
1135 1538 1297 1616 agitarent
1304 1561 1316 1621 3

171 1636 253 1699 hacc
273 1639 358 1699 cuim
378 1636 529 1699 materies
550 1641 600 1697 cst
620 1653 735 1696 coriam
765 1641 837 1697 tum
866 1653 951 1714 quac
981 1641 1075 1698 antea
1106 1655 1161 1700 vv.
1191 1637 1243 1703 37.
1264 1635 1314 1719 46,

172 1744 243 1801 tum
263 1757 349 1818 quac
369 1745 480 1819 postea
502 1735 651 1800 Christus
673 1736 766 1798 dixit.
792 1735 912 1817 ltaque
928 1734 1029 1805 λαλια
1049 1738 1172 1818 loquele
1194 1740 1226 1802 in
1256 1742 1316 1807 hoe

171 1839 259 1915 loeo,
271 1858 375 1918 aeque
386 1858 425 1902 ac
439 1839 473 1900 in
492 1838 609 1901 Matth.
624 1836 745 1915 XXVI,
760 1837 800 1903 73
815 1847 848 1903 et
861 1841 894 1901 in
909 1839 1013 1904 Marc.
1025 1837 1116 1918 XIV,
1131 1837 1173 1910 70
1186 1858 1315 1921 graec,

170 1939 329 2021 signifieat
348 1940 645 2021 pronuntiationem
668 1939 869 2020 modumque
890 1941 1047 2021 loquendi
1068 1961 1109 2003 ex
1130 1961 1198 2022 quo
1219 1942 1313 2022 quis,

172 2041 262 2105 cuias
281 2041 335 2117 sit,
357 2061 425 2122 quo
447 2060 575 2121 genere,
600 2060 667 2120 quo
687 2050 782 2123 patre
804 2048 914 2119 natus,
937 2043 1138 2121 agnoscitur.
1165 2041 1314 2107 Christus

171 2143 300 2207 dixerat
319 2162 354 2206 se
374 2162 414 2204 ee
434 2142 499 2205 Deo
514 2140 721 2222 processissem
743 2143 910 2222 subiungit
930 2161 1023 2223 posse
1044 2145 1127 2206 harre
1144 2163 1239 2208 suam
1253 2143 1316 2208 ori·

171 2244 277 2324 ginem
298 2244 425 2307 ludaeis
446 2244 649 2308 ntanitcstam
670 2244 752 2320 ficri,
775 2244 802 2306 si
823 2245 920 2306 ruodo
948 2264 1024 2307 cum
1048 2245 1239 2325 loquentem
1259 2262 1315 2310 au·

171 2346 243 2409 dire
265 2346 399 2410 vellent.
423 2346 530 2411 Neruo
552 2352 748 2410 autemnon
771 2347 923 2426 intelligit
944 2346 1111 2409 Christum
1138 2347 1233 2411 verbi
1260 2347 1316 2409 im·

172 2447 352 2509 mutatione
373 2466 472 2509 erstem
494 2466 576 2525 csse,
598 2452 631 2510 ct
650 2448 779 2509 nonrine
801 2448 926 2527 loquele
947 2465 999 2508 rcs
1019 2446 1216 2526 significasse
1235 2463 1315 2527 quas

169 2547 366 2628 loquetetur,
386 2546 470 2610 sicet
489 2566 557 2611 eum
572 2558 665 2628 poter
694 2551 841 2610 coerceret
863 2566 917 2610 vv.
940 2546 991 2612 26.
1005 2545 1056 2610 68.
1072 2546 1122 2612 38.
1139 2546 1249 2611 Hebes
1261 2565 1316 2612 no-

170 2667 250 2713 vum
274 2653 593 2730 argumentumque
616 2648 768 2715 Christus
789 2669 823 2714 se
844 2669 887 2713 cx
907 2646 977 2712 Deo
1004 2653 1117 2712 natum
1145 2664 1215 2713 csse
1242 2665 1316 2715 eon·

171 2748 324 2814 firmavit.
570 2756 574 2762 '

249 2870 304 2916 vv.
327 2848 377 2920 44.
408 2849 459 2920 45.
494 2852 645 2919 Christus
677 2872 742 2918 una
774 2854 1062 2935 comprehensione
1084 2852 1200 2918 omnia
1230 2852 1315 2917 dicta

170 2953 411 3033 complectitur.
435 2951 516 3032 lam,
532 2972 707 3034 quemnam
720 2953 919 3018 ludaeorum
934 2961 1061 3036 patrem
1078 2955 1311 3036 appellaverit,

170 3063 283 3136 aperte
303 3056 393 3137 dicit,
417 3057 584 3121 diabolum
606 3077 682 3121 crura
698 3077 778 3120 esse.
796 3056 946 3135 Iudaeos,
962 3059 1068 3138 ipsum
1085 3056 1252 3122 Christum
1265 3057 1316 3120 in·

170 3156 305 3236 torfieore
325 3167 507 3241 qeeoereotes
527 3179 582 3225 vv.
603 3157 654 3224 37.
675 3154 728 3237 46,
751 3160 993 3240 veritatemque
1009 3164 1177 3224 aversatos
1192 3178 1247 3224 vv.
1264 3156 1313 3224 13.

168 3250 220 3324 24.
240 3255 292 3323 32.
312 3257 363 3324 37.
386 3253 436 3328 46.
457 3256 510 3338 tt,
533 3278 634 3343 opera
659 3261 767 3324 facere
783 3259 891 3341 petris
911 3259 963 3324 sei
983 3279 1037 3325 vv.
1052 3257 1103 3324 38.
1118 3256 1172 3336 44,
1194 3259 1315 3341 quippe

169 3361 227 3440 qui
247 3359 405 3426 homicida
426 3363 528 3428 tuerit
550 3363 589 3427 ob
610 3361 708 3426 initio
717 3406 729 3438 ,
752 3368 786 3427 et
805 3364 962 3436 mendoso,
984 3371 1017 3426 et
1031 3370 1124 3443 poter
1143 3359 1313 3426 mendacii.

169 3459 267 3542 Huic,
288 3484 355 3529 non
375 3463 504 3531 Christo
525 3466 583 3547 qni
603 3463 769 3528 ceritatem
789 3463 918 3538 diceret,
943 3480 999 3527 eos
1019 3463 1153 3525 credere.

249 3584 281 3630 v.
302 3561 356 3633 46.
379 3565 464 3630 Tum
486 3585 586 3647 quam
606 3566 716 3647 inique
741 3572 881 3629 mortem
902 3566 932 3629 ci
954 3565 1193 3640 machinentur,
1216 3581 1315 3644 quem

170 3669 210 3733 de
229 3671 323 3734 nullo
343 3674 477 3753 peceato
498 3687 594 3732 rcum
613 3687 755 3758 arguere
776 3675 910 3750 queant,
926 3667 992 3731 imo
1008 3667 1066 3748 qui
1086 3667 1137 3756 nil.¹
1152 3664 1215 3729 nisi
1228 3666 1316 3731 veri·

167 3774 268 3835 tatem
288 3789 344 3836 cos
364 3770 483 3835 docere
503 3771 649 3834 studeat.

248 3889 280 3935 v.
299 3868 351 3937 47.
374 3869 629 3936 Consectarium.
653 3869 774 3936 Confer
799 3889 831 3934 v.
852 3863 903 3936 44.

247 3991 279 4036 v.
299 3964 350 4038 48.
364 3969 410 4034 'ln
431 3968 597 4038 Christum
617 3979 729 4052 aperte
750 3968 879 4035 tandem
900 3968 1080 4049 loquutum
1095 3965 1160 4031 iam
1173 3965 1224 4031 illi
1238 3982 1315 4031 con·

168 4073 337 4137 tumeliam
356 4073 489 4137 iaciunt.
