2978 4920
282 301 323 372 46
621 326 651 372 m
674 322 811 371 minnan
834 322 1081 378 oonnrnrlnrvn

392 405 444 486 40
472 411 565 488 Cum
591 413 778 487 venissent
797 435 884 509 ergo
912 414 958 487 ad
985 414 1088 492 illum
1111 411 1343 503 Samaritani,
1361 440 1421 491 ro·

285 554 464 636 gavernnt
490 563 575 617 eum
601 553 643 615 ut
662 541 712 615 ibi
730 553 910 615 maneret.
925 540 976 616 Et
994 543 1130 616 mansit
1148 540 1198 615 ihi
1219 543 1309 616 dnos
1327 543 1419 618 dies.

392 664 439 745 41
470 669 519 744 Et
546 670 662 744 multo
689 670 813 767 plnres
841 670 1072 746 crediderunt
1099 674 1136 745 io
1152 646 1247 745 ‘eum
1266 685 1418 770 propter

287 820 495 872 sermonem
524 797 615 872 eins.
1353 869 1355 874 .

390 918 441 999 42
468 924 517 999 m
543 924 687 1018 mulieri
714 922 896 998 dicebant:
926 922 1017 1014 Quia
1046 926 1119 999 iam
1148 948 1220 998 non
1261 936 1414 1023 propter

284 1064 385 1125 tuam
411 1050 593 1148 loquelam
621 1049 814 1124 eredimus:
845 1050 914 1148 ipsi
942 1052 1040 1124 enim
1056 1053 1277 1138 audivimus,
1297 1053 1416 1126 etsei·

284 1201 366 1252 mus
393 1180 476 1275 quia
504 1177 564 1250 hio
592 1190 648 1251 est
675 1201 760 1250 vere
789 1176 958 1252 Salvator
985 1180 1126 1253 mundi.

390 1298 441 1378 43
469 1303 558 1378 Post
584 1304 674 1394 duos
703 1316 826 1378 antem
855 1304 933 1379 dies
960 1306 1051 1380 exiit
1079 1306 1173 1380 inde:
1195 1321 1233 1382 et
1260 1307 1351 1381 abiit
1379 1307 1416 1381 in

284 1431 498 1507 Galilaeam.
1148 1516 1150 1521 .

390 1555 442 1636 44
468 1562 550 1660 lpse
583 1561 679 1635 enim
700 1561 809 1635 lesus
837 1562 1090 1636 testimonium
1117 1562 1303 1659 perhibuit
1330 1565 1415 1662 quia

283 1689 468 1788 Propheta
494 1689 532 1763 in
555 1713 620 1763 sna
648 1689 767 1786 patria
794 1689 971 1763 honorem
999 1715 1072 1764 non
1099 1691 1224 1764 habet.

287 1853 289 1857 ·
388 1811 439 1892 45
467 1815 559 1892 Cum
578 1841 664 1914 ergo
686 1816 848 1899 venisset
871 1816 908 1889 in
936 1818 1159 1906 Galilaeam,
1189 1834 1413 1916 exceperunt

281 1969 366 2019 eum
393 1944 557 2032 Galilaoi,
586 1969 670 2020 eum
697 1945 817 2019 omnia
844 1946 1021 2021 vidissent
1048 1972 1140 2044 quae
1156 1947 1293 2022 fecerat
1318 1949 1413 2023 lero·

282 2074 432 2172 solymis
459 2073 581 2164 indie
609 2073 716 2149 sesto:
746 2087 784 2146 et
811 2072 881 2169 ipsi
909 2075 1007 2148 enim
1034 2086 1211 2149 venerant
1238 2074 1283 2148 ad
1315 2075 1414 2150 diem

282 2202 431 2297 festum.

388 2323 439 2404 46
467 2328 575 2405 Venit
603 2353 689 2428 orgo
717 2330 852 2405 iterum
879 2331 916 2405 in
944 2329 1043 2405 Cana
1063 2327 1259 2416 Galilaeae,
1274 2329 1337 2412 ubi
1356 2330 1412 2406 fe-

278 2457 329 2531 oit
355 2479 486 2555 aquam
513 2457 651 2530 vinum.
681 2456 729 2531 Et
756 2470 847 2550 erat,
863 2458 1010 2555 quidam
1038 2456 1198 2554 regulos
1228 2457 1331 2531 onius
1359 2457 1414 2543 de

279 2582 350 2657 lius
378 2582 629 2657 infirmabatur
655 2581 925 2681 Caphamanm.
1339 2605 1342 2609 ·

386 2702 438 2783 47
465 2710 531 2784 llio
558 2734 640 2785 oum
669 2711 831 2785 audisset
858 2712 943 2811 quia
970 2712 1072 2799 lesus
1101 2712 1328 2788 advenireta
1351 2711 1412 2786 ln-

279 2839 369 2912 daea
396 2838 433 2912 in
461 2836 675 2925 Galilaeam,
704 2838 794 2912 abiit
821 2840 866 2912 ad
894 2862 992 2925 euin,
1021 2852 1058 2912 et
1085 2838 1237 2935 rogabat
1256 2862 1340 2912 oum
1368 2852 1411 2914 ut

278 2967 532 3053 descenderet,
561 2980 600 3042 et
627 2982 773 3057 sanaret
800 2967 916 3041 filium
952 2967 1057 3040 eius:
1086 2965 1283 3064 incipiebat
1310 2966 1408 3040 enim

280 3070 385 3169 mori.
805 3184 806 3188 Ἰ
1408 3074 1411 3078 ’

282 3278 286 3294 2
367 3214 438 3294 448
465 3219 566 3296 Dixit
592 3245 678 3318 orgo
705 3221 807 3295 lesus
839 3221 884 3294 ad
912 3244 1008 3295 enm:
1038 3220 1107 3294 nisi
1136 3221 1237 3318 signa
1264 3231 1303 3295 et
1331 3244 1410 3319 pro·

280 3349 375 3448 digia
402 3350 580 3440 videritis,
608 3374 680 3425 non
709 3349 867 3423 creditis.

287 3557 290 3564 ,
386 3471 560 3552 leniet
597 3477 642 3551 ad
679 3499 762 3551 eum
804 3476 976 3574 regulus:
1006 3476 1192 3564 Domine,
1230 3476 1408 3551 descende

279 3607 381 3704 prius
408 3629 516 3704 quam
545 3606 723 3680 moriatur
749 3606 845 3680 filius
874 3630 991 3681 meus.

278 3826 280 3830 Ι
385 3726 436 3807 50
464 3731 560 3806 Dicit
587 3733 621 3807 ei
648 3733 765 3807 lesus:
796 3733 908 3819 Vade,
936 3732 1031 3807 filius
1060 3743 1144 3808 tuns
1181 3731 1285 3808 vivit.
1315 3730 1408 3806 Cre-

278 3861 369 3936 didit
395 3861 504 3935 homo
532 3861 703 3949 sermoni,
731 3885 841 3959 quem
867 3861 959 3935 dixit
987 3860 1020 3935 ei
1048 3859 1168 3947 lesus,
1196 3872 1235 3932 et
1263 3858 1352 3934 ibat.

303 4084 306 4088 λ
386 3983 433 4062 51
466 3988 543 4062 lam
570 4001 694 4063 antem
723 4013 765 4064 eo
793 3988 1048 4086 descendente,
1063 3988 1158 4061 servi
1175 3999 1409 4086 occurrerunt

280 4118 327 4202 ei,
356 4129 393 4191 et
419 4116 684 4204 nunciaverunt
711 4118 885 4204 dieentes,
913 4093 996 4215 qnia
1025 4115 1121 4190 filins
1150 4115 1227 4191 eius
1255 4116 1407 4191 viveret.
