2986 4912
286 264 327 333 32
630 285 659 336 ut
682 284 818 333 ieiunant
839 283 1086 334 connnsrantvn

287 369 348 430 rali
372 387 412 432 ne
428 387 528 433 sensu
546 387 592 431 an
612 370 759 451 spiritali,
785 370 818 430 in
841 371 1003 449 praesenti
1023 389 1087 432 non
1108 369 1333 450 quaerimus),
1349 388 1427 432 sen-

287 490 342 534 sus
357 471 442 534 toret
455 472 628 552 discipulos
643 472 906 535 animadvertisse
921 473 1028 534 zelum
1050 491 1068 534 a
1089 469 1217 534 Christo
1239 477 1316 534 tunc
1329 473 1428 534 exhi-

288 574 391 636 bitum
415 575 551 636 similem
577 574 673 636 luisse
698 574 769 636 zelo
793 574 938 653 psaltae,
967 593 1051 652 quae
1080 572 1313 636 animadversio
1340 589 1423 635 sane

288 693 386 753 quam
407 675 550 754 frigeret.

374 795 404 838 v.
427 774 478 842 lt.
501 775 543 839 Ire
564 777 663 840 tribus
684 776 790 838 diebus
815 796 875 857 pro
897 778 993 840 tertio
1015 777 1077 838 die.
1090 776 1231 840 Hebraei
1244 776 1327 839 enim
1348 775 1431 838 sub—

230 950 233 955 ,
287 877 360 940 inde
384 884 545 959 usurpant
576 896 693 940 nomen
722 877 891 940 numerale
919 877 1105 953 cardinale,
1134 883 1172 940 ut
1202 881 1335 951 vocant,
1364 894 1433 956 pro

287 978 435 1041 ordinali.

374 1099 405 1142 v.
432 1074 482 1146 20.
505 1078 595 1143 Haec
616 1080 716 1143 verba
737 1080 832 1141 aliter
852 1080 987 1160 intelligi
1007 1085 1172 1158 nequeunt
1191 1077 1252 1140 nisi
1275 1083 1313 1141 ut
1335 1077 1434 1140 dicta¹

288 1178 327 1241 de
356 1184 501 1259 tempore
527 1198 569 1241 ex
593 1198 659 1258 quo
688 1180 845 1260 templum
874 1178 1037 1241 aedificari
1065 1184 1216 1259 coeptum
1241 1178 1429 1254 luerat,rc·

289 1287 403 1359 gnante
424 1278 658 1358 Hercdc,ann0
678 1282 748 1344 eius
769 1279 860 1360 regni
873 1278 994 1356 XVIII,
1011 1281 1068 1360 qui
1087 1298 1189 1342 annus
1208 1280 1326 1358 incepit
1345 1298 1424 1342 cum

290 1400 397 1444 mense
423 1383 532 1444 nisane
558 1401 640 1444 anno
664 1383 789 1463 periodi
813 1382 954 1444 iulianac
979 1377 1069 1448 tuat.
1087 1381 1192 1444 Habes
1229 1382 1261 1442 in
1288 1379 1336 1442 his
1364 1400 1424 1444 no-

291 1490 356 1546 tam
376 1485 587 1547 certissimam
609 1487 774 1566 temporis,
796 1504 862 1564 quo
889 1504 939 1561 ea,
965 1504 1049 1564 quae
1070 1483 1203 1547 loannes
1224 1488 1347 1560 narrat,
1373 1501 1428 1562 ge·

290 1594 339 1649 sta
365 1593 451 1664 sunt,
478 1589 631 1668 quodque
652 1589 714 1651 luit
737 1590 820 1650 intra
842 1588 1089 1667 quatuordecim
1110 1588 1231 1667 primos
1251 1587 1317 1649 dies
1338 1605 1429 1649 men-

290 1687 332 1748 sis
346 1687 462 1749 nisanis
476 1707 526 1750 an.
541 1707 573 1768 p.
596 1689 616 1751 i.
633 1683 723 1765 4739,
739 1689 903 1767 aenvulg.
926 1684 977 1752 26.
992 1685 1076 1766 Lege
1091 1705 1173 1767 opus
1187 1687 1227 1748 de
1240 1685 1427 1766 Evangeliis

290 1785 326 1848 L.
358 1785 417 1850 ΙΙΙ.
442 1787 525 1850 Diss
552 1786 682 1850 XLVII.
712 1808 743 1850 n.
770 1786 799 1852 6.

376 1909 408 1953 v.
435 1888 484 1952 22.
516 1888 710 1970 Prophetiac
734 1910 797 1953 non
825 1899 898 1954 ante
926 1892 1013 1952 omni
1040 1910 1081 1953 cx
1109 1896 1201 1971 parte
1229 1891 1427 1967 clarescunt,
1461 1912 1465 1921 ¹

290 2008 399 2068 quam,
415 1991 502 2070 quod
517 1992 718 2070 praedictum
731 1997 793 2067 est,
809 1992 994 2071 impleatur.
1015 1989 1219 2054 crediderunt
1232 1989 1426 2070 scripturae,

288 2109 352 2154 non
375 2098 414 2155 ut
437 2093 494 2172 qui
521 2093 610 2172 prius
625 2094 721 2155 ‘haud
750 2095 931 2169 crederent,
954 2094 1009 2156 scd
1030 2093 1236 2156 crediderunt
1256 2093 1296 2154 ad
1317 2091 1427 2155 lesum

288 2197 435 2271 spectare
460 2211 544 2271 quae
572 2193 611 2254 de
633 2211 671 2255 eo
699 2194 732 2254 in
755 2194 925 2273 scripturis
946 2195 1046 2256 sacris
1070 2194 1235 2274 praedicta
1252 2193 1423 2272 leguntur,

289 2310 392 2371 quum
418 2294 559 2370 horum,
586 2312 689 2373 aeque
714 2313 752 2357 ac
776 2294 873 2359 huius
901 2294 1127 2375 praedictionis
1151 2312 1251 2372 quam
1277 2290 1428 2355 Christus

289 2391 423 2469 lecerat,
445 2394 688 2472 implementum
709 2395 866 2457 viderent.
879 2393 1015 2458 -tha
1028 2393 1222 2454 narrationis
1245 2393 1429 2455 clausulam

291 2490 401 2554 Ioanni
425 2493 590 2569 usitatam,
620 2495 750 2573 qualem
774 2496 873 2574 ipsius
897 2494 1100 2576 propositum
1123 2492 1297 2572 llagitabat.

373 2612 405 2656 v.
432 2591 481 2656 ⁸23.
506 2591 634 2655 Rursus
655 2595 774 2656 mentio
796 2596 977 2657 multorum
998 2595 1055 2673 qui
1076 2591 1286 2654 erediderunt.
1300 2625 1342 2637 ·-
1355 2592 1429 2657 Hoc

290 2709 372 2754 anno
397 2692 611 2772 plenilunium
634 2695 785 2773 paschale
811 2696 872 2757 luit
900 2696 951 2757 dic
977 2693 1017 2758 21
1046 2693 1161 2756 mensis
1189 2693 1307 2755 martii.

376 2812 407 2855 v.
429 2789 479 2855 ⁸25.
510 2791 579 2872 Ipse
597 2792 679 2854 enim
703 2793 818 2856 sciebat
841 2794 918 2876 quid
942 2804 1017 2856 esset
1041 2794 1077 2855 in
1098 2791 1219 2854 tamine
1222 2813 1238 2865 ;
1263 2811 1328 2855 non
1348 2812 1430 2874 ergc

291 2891 439 2956 Christus
459 2895 595 2974 simplex
620 2897 716 2958 homo
738 2904 819 2959 erat.

707 3092 1023 3149 ..ψ

714 3290 894 3337 curvi
939 3291 1010 3337 lll

407 3457 424 3536 1
458 3380 577 3539 Erat
604 3480 726 3541 autem
754 3465 864 3539 homo
892 3489 938 3538 ex
966 3463 1188 3553 Pharnacis,
1208 3444 1427 3544 Nicodemue

299 3592 456 3675 nominc,
484 3593 652 3690 princeps
680 3595 909 3668 ludaeorum.

403 3718 429 3794 2
457 3720 522 3794 Hic
551 3722 649 3796 venit
677 3723 721 3795 ad
751 3723 870 3795 lesum
899 3734 1019 3806 nocte,
1048 3735 1085 3795 ct
1109 3721 1201 3794 dixit
1220 3720 1271 3793 ci:
1292 3719 1426 3808 Rahbi,

298 3849 433 3921 scimus
449 3850 530 3945 quia
552 3875 572 3921 a
592 3850 668 3923 Dee
697 3851 827 3924 venisti
849 3850 1039 3946 magister,
1060 3872 1167 3935 nemo
1187 3850 1282 3922 enim
1302 3863 1427 3947 potest

301 3977 391 4052 haec
406 3978 505 4074 signa
521 3978 653 4065 facere,
666 4004 757 4077 quae
775 3993 813 4055 tu
829 3979 931 4064 lacis,
943 3978 1009 4052 nisi
1026 3976 1135 4053 fucrit
1153 3977 1248 4053 [teus
1264 3979 1344 4053 cuin
1367 4005 1423 4054 ee.
