2986 4912
482 350 585 415 crrvr
608 349 748 397 nncrnvn
771 350 929 397 serrium
1253 336 1314 406 205

250 433 339 516 Ergo
360 437 440 499 haee
462 437 568 498 unitas
590 455 641 498 res
663 443 712 521 est
731 436 812 498 adeo
832 437 952 513 divina,
974 444 1012 500 ut
1031 439 1101 501 eius
1122 446 1239 503 auctor
1252 461 1308 504 ne-

170 542 270 616 queat
290 555 354 599 non
375 556 394 598 a
414 536 483 600 Deo
505 538 620 600 missus
642 557 724 611 esse,
745 545 848 617 utque
868 556 927 618 per
948 557 1020 600 eam
1041 537 1188 605 Christus
1210 543 1307 605 olari·

170 641 283 712 tatem,
300 655 399 715 quam
420 638 544 718 aceepit
564 656 583 700 a
604 645 709 718 patre,
732 638 898 700 nobiseum
918 638 1102 719 participet,
1119 648 1155 703 ut
1171 642 1309 722 denique

171 752 209 797 ea
233 735 388 798 certiores
410 737 524 800 fiamus
538 756 558 799 a
571 736 641 800 Deo
662 757 719 799 nos
740 737 784 800 ita
805 738 908 799 amari
927 737 1011 800 siout
1031 738 1137 819 ipsnm
1158 740 1273 803 tilium.

252 857 284 901 v.
307 833 358 903 24.
382 837 551 903 Postremo
583 838 730 904 Christus
757 845 882 920 putrem
904 846 998 920 rogat
1018 847 1057 903 ut
1076 840 1117 902 ad
1143 849 1309 905 aeternam

175 939 362 1003 beatitatem
377 960 489 1004 seeum
502 961 566 1005 unu
582 942 752 1005 fruendam
772 943 912 1004 adducat
925 960 1035 1004 omnes
1050 962 1132 1022 quos
1147 943 1207 1024 ipsi
1217 942 1310 1008 Chri-

173 1046 224 1103 sto
246 1041 344 1103 dedit.
359 1041 499 1106 -Nota
520 1043 603 1105 illud
624 1043 694 1104 eolo
715 1062 778 1105 non
799 1061 889 1106 more
920 1043 1063 1122 rogantis
1084 1042 1230 1121 dietum,
1252 1045 1309 1107 sed

174 1157 246 1203 rem
260 1141 321 1203 sibi
336 1143 475 1205 debitam
496 1143 699 1224 postulantis,
715 1143 864 1222 illudque
883 1161 952 1203 rum
972 1148 1116 1222 tempore
1137 1145 1308 1223 praesenti.

174 1237 271 1302 -Vt
301 1240 431 1304 videant
460 1242 550 1305 illam
581 1240 700 1306 Christi
721 1239 897 1303 claritatem
926 1241 1084 1321 illamque
1109 1243 1210 1323 patris
1234 1261 1312 1323 erga
1396 1253 1399 1261 '

177 1360 254 1405 enm
275 1341 472 1407 dilectionem
493 1362 574 1424 quus
594 1345 722 1407 dixerat
742 1344 774 1404 tn
795 1363 826 1406 v.
847 1339 899 1421 23,
916 1344 1001 1407 etde
1022 1343 1140 1423 quibus
1161 1344 1312 1407 itanune
1425 1353 1427 1357 ’

175 1442 348 1523 loquitur,
371 1452 410 1509 ut
430 1464 571 1526 quarum
592 1446 672 1508 haec
693 1445 796 1507 altera
817 1444 905 1508 illius
936 1445 1059 1525 primae
1078 1463 1192 1508 caussa
1210 1445 1261 1508 sit.
1274 1481 1314 1491 -

179 1541 262 1605 Ante
282 1543 393 1607 mundi
413 1544 685 1619 constitutionem
702 1563 780 1624 ergo
800 1545 841 1606 ab
862 1544 948 1607 omni
969 1545 1170 1607 aeternitate.
1195 1542 1316 1610 Confer

177 1640 226 1707 Io.
249 1643 277 1723 1,
299 1642 329 1709 1.
1132 1666 1135 1674 ·

262 1765 316 1810 vr.
338 1745 389 1814 25.
405 1748 455 1814 26.
473 1747 541 1813 Cur
561 1747 709 1813 Christus
718 1748 801 1809 bano
811 1746 1030 1826 precationem
1051 1747 1245 1812 concludens
1260 1766 1316 1828 pa-

183 1855 333 1930 tremque
348 1850 545 1932 compellans
559 1848 676 1911 iustum
697 1868 773 1912 eum
793 1848 924 1926 dixerit,
940 1849 1029 1927 qnod
1043 1866 1221 1927 numquam
1236 1849 1316 1913 alias

182 1949 307 2013 iactum
326 1951 368 2013 ab
389 1970 428 2014 eo
448 1951 597 2032 legimus,
614 1951 697 2013 ratio
714 1949 851 2013 tortasse
871 1950 951 2012 haec
973 1948 1050 2026 init,
1073 1949 1160 2029 quod
1181 1967 1238 2012 nos
1259 1950 1316 2012 do-

182 2069 258 2115 oere
279 2051 379 2116 vellet
398 2049 449 2114 ios
469 2052 529 2115 sibi
550 2071 619 2115 esse
639 2071 689 2128 ea,
712 2070 797 2133 quae
818 2050 964 2130 rogabat,
986 2048 1246 2112 exorare-Hi
1266 2070 1316 2112 eo-

181 2161 359 2233 puooerunt
378 2152 455 2234 quia
476 2163 510 2215 tu
529 2159 623 2234 pater
643 2171 734 2215 meus
754 2171 800 2214 me
821 2151 925 2213 tilium
948 2154 1041 2213 tuum
1062 2148 1177 2211 misisti
1187 2171 1204 2223 ‚·
1227 2151 1321 2215 disci-

178 2255 250 2334 puli
261 2255 437 2317 credebant
445 2254 518 2330 Dei,
530 2274 595 2317 non
604 2255 700 2317 modo
710 2254 866 2333 legatum,
876 2251 931 2314 sed
943 2250 1047 2313 filium
1060 2247 1224 2313 Christum
1237 2271 1315 2315 esse.

176 2353 347 2419 -Nomeo
368 2364 475 2429 tuum;
496 2357 568 2436 loge
589 2375 673 2436 quae
692 2356 833 2417 diximus
854 2354 894 2416 de
915 2350 962 2415 lo.
985 2350 1061 2428 Xll,
1084 2349 1134 2417 28.
1148 2386 1188 2396 -
1207 2353 1250 2415 Et
1264 2372 1320 2415 ao-

178 2457 396 2538 torrefactum
413 2477 513 2540 porro
528 2457 663 2520 efficiam
677 2463 715 2525 ut
728 2457 829 2538 magis
843 2473 882 2518 ao
895 2454 996 2534 magis
1017 2460 1049 2516 te
1069 2461 1212 2518 noscant.
1224 2489 1265 2499 —
1286 2453 1321 2518 Vt

178 2556 306 2621 dileetio
328 2569 357 2622 et
381 2569 499 2631 ceteram
515 2577 589 2621 nam
610 2557 686 2640 finis
706 2559 790 2621 sieut
804 2552 967 2638 praecepti
979 2555 1024 2617 ita
1038 2559 1071 2618 et
1087 2542 1231 2620 omnium
1256 2557 1321 2620 rir-

181 2664 290 2722 tutum
310 2665 408 2739 atque
429 2658 510 2722 adeo
531 2658 632 2740 ipsius
653 2658 727 2720 fidei
742 2666 786 2719 est
799 2650 1008 2735 ebaritartt),
1031 2672 1096 2733 qua
1110 2673 1167 2718 nos
1186 2663 1220 2719 et
1232 2653 1321 2720 Dens

181 2762 318 2827 invicem
340 2763 513 2844 diligimus.

590 2947 906 3004 —aeassan—

521 3171 972 3227 a'arvaV1tt

293 3409 311 3488 1
345 3326 481 3486 Haeo
509 3432 593 3484 eum
613 3408 767 3483 dixisset
782 3407 897 3491 iesus,
918 3428 1085 3502 egressus
1100 3415 1156 3479 est
1175 3429 1258 3479 eum
1276 3407 1326 3481 di·

185 3542 334 3643 scipulis
362 3544 437 3620 suis
465 3555 567 3615 trans
594 3537 809 3612 Torrentem
834 3532 1161 3619 Ced1·on,nbierat
1183 3535 1324 3621 hortus,
1435 3535 1437 3539 ’

186 3675 361 3772 inquom
390 3669 554 3745 introivit
580 3669 672 3765 ipse,
702 3662 917 3760 etdiseipuli
947 3662 1040 3736 eins.

293 3798 319 3875 2
349 3798 493 3874 Sciebat
521 3808 644 3871 antem
674 3805 711 3866 ot
730 3792 851 3877 indas,
880 3790 940 3887 qui
957 3788 1124 3863 tradebat
1143 3812 1241 3875 enm,
1268 3788 1325 3862 lo·

187 3952 285 4002 enm:
315 3928 398 4026 quia
428 3926 637 4023 frequenter
656 3921 756 3994 iesus
776 3929 994 3992 convenerat
1013 3915 1096 3991 illue
1115 3940 1197 3989 cum
1216 3916 1326 3990 disei-

187 4056 283 4156 pulis
311 4055 398 4129 suis.

260 4203 296 4272 (1)
316 4206 326 4254 ι
346 4205 412 4254 um.
436 4201 457 4270 r,
478 4199 503 4249 5.
