2986 4912
569 331 670 381 cxrvr
694 332 879 381 vunnemvu
986 382 988 386 Α
1243 292 1303 386 lul

275 420 302 500 3
331 423 507 498 Miserunt
534 447 620 522 ergo
647 445 791 498 sorores
818 424 897 496 eius
924 423 969 496 ad
997 444 1080 498 eum
1108 423 1296 502 dicentes:

169 552 338 640 Domine,
366 577 450 627 ecce
479 575 587 651 quem
615 575 717 625 amas
745 551 962 626 infirmatur.

276 676 302 755 lt
329 681 488 756 Audiens
516 692 640 756 autem
668 681 769 755 lesus
796 680 888 753 dixit
907 679 972 754 eis:
993 679 1191 755 lulirmitas
1211 682 1302 758 haec

170 834 245 884 non
272 811 403 905 estad
431 822 601 896 mortem,
630 810 693 883 sed
721 832 787 906 pro
815 807 927 906 gloria
954 807 1034 895 Dei,
1061 820 1104 884 ut
1131 809 1303 909 glorifice·

173 951 236 1013 tur
262 937 374 1011 Filius
401 936 467 1010 Dei
495 960 561 1034 per
588 959 682 1011 cam.
1074 918 1079 923 ⁶

229 1103 232 1110 ν
278 1060 303 1139 5
332 1065 513 1163 Diligebat
540 1077 664 1138 autem
692 1065 794 1138 lesus
822 1062 1030 1149 Martham,
1059 1077 1097 1140 et
1139 1088 1301 1140 sororem

168 1192 250 1266 eius
277 1191 442 1278 Mariam,
469 1207 509 1267 et
536 1191 726 1267 Lazarum.

280 1314 304 1393 6
332 1317 380 1394 Vt
407 1330 496 1418 ergo
520 1320 657 1394 audivit
676 1320 759 1417 quia
775 1319 1038 1404 infirmabatur,
1054 1333 1142 1396 tunc
1159 1322 1305 1420 quidem

171 1448 309 1522 mansit
336 1449 372 1520 in
400 1447 527 1522 eodem
555 1447 635 1520 loco
662 1446 800 1520 duobus
829 1446 969 1521 diebus.

281 1568 306 1648 7
334 1574 462 1649 deinde
490 1585 574 1671 post
601 1574 690 1648 haec
717 1574 810 1647 dixit
837 1574 1022 1672 discipulis
1050 1576 1137 1649 ouis:
1167 1574 1304 1650 Eamus

174 1703 213 1776 in
240 1703 411 1779 Iudaeam
439 1703 586 1776 iterum.

197 1876 205 1887 =
283 1823 308 1902 8
335 1827 468 1903 Dicunt
495 1829 528 1901 ei
556 1827 740 1924 discipuliz'
765 1824 895 1913 Rabbi,
911 1851 1006 1901 nunc
1025 1828 1248 1926 quaerebant
1268 1841 1304 1903 te

175 1954 300 2031 ludaei
327 1955 501 2053 lapidare,
528 1967 567 2028 et
595 1954 729 2029 iterum
757 1954 860 2029 vadis
887 1953 1008 2029 illucl

286 2076 310 2156 9
339 2081 541 2180 Respondit
567 2082 681 2156 lesus:
710 2079 836 2156 Nonne
863 2082 1051 2156 duodecim
1080 2096 1165 2159 sunt
1191 2084 1302 2157 horae

176 2205 281 2282 diei?
309 2208 454 2307 Siquis
482 2207 724 2284 ambulaverit
751 2209 787 2281 in
817 2209 888 2292 die,
915 2233 987 2284 non
1015 2209 1189 2292 offendit,
1220 2209 1306 2308 qnia

180 2336 302 2411 lucem
329 2338 437 2411 huius
463 2337 589 2411 mundi
616 2338 746 2412 videt:
803 2354 806 2361 ·

293 2459 341 2538 10
370 2466 400 2540 si
427 2477 551 2539 autem
579 2463 821 2541 ambulaverit
839 2466 876 2539 in
888 2477 1010 2551 nocte,
1029 2465 1193 2552 offendit,
1225 2465 1310 2565 quia

182 2591 251 2667 lux
275 2617 347 2667 non
375 2606 433 2667 est
459 2594 496 2666 in
524 2615 580 2667 eo.
658 2652 659 2657 ,

157 2771 158 2774 =
288 2715 333 2796 11
365 2721 462 2795 Haec
490 2723 554 2807 ait,
583 2734 733 2820 etpost
761 2723 851 2797 haec
877 2723 970 2796 dixit
998 2722 1063 2796 eis:
1081 2721 1238 2796 lazarus
1265 2745 1308 2795 a·

176 2851 296 2924 micus
323 2863 449 2924 noster
473 2850 619 2926 dormit:
649 2852 713 2926 sed
741 2852 833 2924 vado
859 2865 901 2924 ut
928 2875 948 2923 a
978 2873 1106 2924 somno
1147 2850 1307 2924 excitem

177 3002 281 3053 eum.

287 3099 336 3179 lu
364 3104 542 3180 Dixerunt
569 3131 654 3204 ergo
681 3104 848 3204 discipuli
876 3105 965 3180 eius:
987 3105 1154 3191 Domine,
1175 3106 1204 3180 si
1225 3104 1309 3179 dor-

178 3234 262 3318 mit,
291 3232 414 3306 salvus
442 3234 524 3306 erit.

289 3354 338 3435 13
367 3360 517 3434 Dixerat
544 3374 667 3435 autem
688 3361 789 3435 lesus
816 3361 860 3436 dc
888 3372 1005 3436 morte
1034 3362 1125 3435 eius:
1156 3360 1208 3434 illi
1242 3383 1308 3436 au-

180 3505 257 3566 tem
285 3502 507 3587 putaverunt
532 3491 615 3587 quia
644 3491 687 3563 de
715 3491 931 3564 dormitione
953 3489 1077 3562 somni
1106 3488 1256 3562 diceret.

290 3611 339 3691 11
368 3616 468 3691 Tunc
484 3630 581 3715 'ergo
610 3617 711 3692 lesus
738 3619 831 3692 dixit
859 3618 912 3692 eis
926 3616 1133 3690 manifeste:
1150 3613 1309 3688 lazarus

180 3759 350 3822 mortuus
379 3759 477 3820 estz-
571 3834 574 3843 Ι

291 3868 340 3949 15
368 3887 407 3948 et
430 3875 567 3974 gaudeo
594 3888 743 3971 propter
770 3898 849 3960 vos,
868 3889 910 3947 ut
938 3873 1112 3956 credatis,
1141 3869 1312 3968 quoniam
1404 3859 1405 3862 '

180 4026 255 4077 non
283 4026 385 4078 eram
413 4003 476 4075 ibi.
508 4002 570 4074 sed
599 4023 724 4074 eamus
752 4000 797 4074 ad
825 4023 921 4074 eum.

291 4124 340 4204 16
369 4130 470 4205 Dixit
497 4153 583 4226 ergo
610 4127 782 4215 ThomaS,
810 4129 871 4226 qui
899 4127 1031 4201 dicitur
1059 4125 1247 4221 Didymus,
1267 4121 1312 4196 ad

179 4258 459 4358 condiscipulos:
490 4257 625 4336 Eamus
653 4269 691 4332 et
719 4281 799 4344 nos,
826 4269 867 4332 ut
895 4256 1095 4330 moriamur
1113 4276 1197 4329 cum
1225 4275 1282 4327 eo.
