2986 4912
277 288 337 357 178
382 300 385 306 “
602 310 632 359 m
654 310 791 363 sosanna
813 309 1063 361 coranmramvr

357 417 389 460 v.
410 392 461 459 31.
486 394 595 458 Prima
614 395 680 458 dno
700 395 811 470 ineisa,
827 395 931 463 multo
947 394 1061 456 melius
1076 400 1174 474 atque
1188 392 1296 473 aptius
1312 409 1412 472 quam

278 517 354 561 cum
373 496 608 579 superioribus,
624 495 865 574 coniunguntur
879 512 954 560 enm
969 494 1139 574 postremis
1153 494 1261 557 verbis
1274 492 1412 573 sumite,

278 617 394 660 eamus.
416 578 578 664 Sententia
597 596 643 659 sie
663 601 722 658 ast.
751 592 839 656 Venit
853 591 1003 674 princeps
1022 591 1134 655 mundi
1154 592 1247 655 Ιιιιὶιιι
1271 602 1309 655 ut
1336 593 1416 657 mini

278 697 376 761 vitam
396 700 529 779 auferat.
552 694 633 770 Sed,
653 704 690 756 ut
710 703 875 775 eognoscat
894 695 1030 756 mundar
1050 692 1126 775 quia
1147 692 1247 775 ditiyo
1262 703 1415 775 patrem,

280 809 321 872 et,
342 797 425 861 sieut
444 798 629 860 mandatum
649 792 733 861 dedit
751 791 830 856 mitt
844 801 939 874 pater
945 837 958 868 ‚
980 799 1018 857 ut
1037 803 1176 861 mortam
1195 781 1257 875 pre
1277 795 1419 858 homini-

281 901 342 963 bus
362 900 489 976 obeam,
511 895 557 959 sie
575 892 662 977 facio
671 938 684 969 ,
710 913 774 962 non
794 893 914 956 diaboli
944 894 1107 960 ministros
1128 894 1181 961 hic
1201 897 1419 975 exspectabo,

282 1002 349 1084 ipse
368 1006 481 1082 sponte
501 1016 574 1062 mea
593 1017 646 1061 me
665 996 730 1063 illis
751 994 891 1074 tradam;
912 993 1030 1078 surgite
1052 1013 1165 1057 eamus.

361 1101 420 1166 His
440 1100 532 1164 dietis
553 1097 701 1167 christus
722 1116 740 1159 e
761 1097 938 1165 coenaculo
952 1115 1102 1177 egressus
1116 1102 1176 1166 ast.
1192 1094 1278 1178 Lege
1297 1096 1371 1168 Lib.
1390 1096 1421 1167 11

283 1202 323 1266 de
344 1200 529 1282 Evangeliis
549 1218 582 1269 n.
605 1192 729 1267 cnxv..

685 1438 891 1494 ΜΡΝ
946 1438 1017 1492 XV
1121 1453 1123 1457 ⁴

395 1752 413 1833 1
447 1674 554 1858 Ego
581 1779 662 1835 sum
685 1756 888 1833 vitiaverat
918 1770 957 1832 et
983 1756 1094 1833 Pater
1125 1781 1228 1836 meus
1261 1759 1426 1859 agricola

291 1903 362 1965 est.

341 1997 344 2002 ¹
393 2012 420 2090 2
447 2014 602 2091 Omnem
628 2010 818 2111 palmitem
836 2012 874 2086 in
888 2035 947 2089 me
965 2037 1037 2089 non
1051 2011 1230 2090 ferentem
1244 2015 1426 2105 fructum,

288 2143 393 2222 tollet
420 2165 517 2222 eum:
537 2154 577 2220 et
594 2162 756 2226 omnem,
775 2140 836 2238 qui
856 2139 928 2215 fert
942 2138 1116 2229 fructum,
1138 2141 1309 2241 purgabit
1328 2169 1429 2233 eum,

288 2284 330 2347 ut
356 2270 516 2346 fructum
534 2268 616 2368 plus
643 2267 785 2343 afferat.

395 2392 420 2474 3
447 2398 526 2473 lam
543 2420 609 2473 vos
627 2395 751 2476 mundi
780 2394 869 2478 estis
887 2407 1039 2500 propter
1066 2420 1285 2486 sermonem,
1315 2421 1426 2499 quem

289 2526 432 2605 loeutus
446 2547 530 2602 sum
547 2522 663 2598 vohis.

395 2645 421 2735 4
448 2650 591 2728 Manete
618 2651 654 2724 in
682 2673 755 2726 me:
772 2664 811 2726 et
843 2675 910 2750 ego
928 2651 966 2726 in
1003 2651 1120 2728 vobis·
1154 2653 1256 2732 Sicut
1283 2654 1427 2751 palmes

288 2765 608 2879 non‘potestierre
636 2777 832 2859 fruetuma
852 2779 1065 2877 semetipso,
1096 2781 1167 2854 nisi
1193 2782 1427 2859 manseritis

289 2912 377 2993 vite:
406 2911 459 2984 sie
485 2932 553 2983 nee
567 2932 646 2995 vos,
665 2908 735 2984 nisi
754 2909 791 2981 in
820 2931 879 2985 me
895 2910 1119 2986 manseritis.

297 3086 299 3090 2
395 3032 420 3112 5
448 3035 525 3135 Ego
552 3059 635 3110 sum
653 3035 752 3121 vitis,
780 3060 845 3110 vos
864 3035 1046 3135 palmitem
1077 3038 1139 3136 qui
1153 3052 1279 3141 manet
1297 3039 1338 3115 in
1355 3064 1426 3126 me,

291 3180 330 3241 et
355 3189 423 3264 ego
442 3166 478 3237 in
497 3187 554 3249 eo,
568 3164 628 3238 hie
647 3163 719 3241 fert
737 3163 897 3239 fructum
916 3166 1086 3246 multum:
1103 3168 1186 3266 quia
1206 3167 1284 3242 sine
1300 3192 1362 3243 me
1381 3168 1427 3247 ni·

290 3292 342 3374 hil
369 3269 524 3392 potestis
550 3292 683 3369 faeere.

396 3414 421 3495 6
449 3419 582 3520 Siquis
600 3420 637 3493 in
656 3443 802 3495 menon
821 3422 1010 3503 manserit:
1034 3423 1202 3503 mittetur
1221 3422 1321 3498 foras
1337 3425 1429 3501 sieut

289 3551 444 3649 palmes,
473 3561 511 3624 et
529 3562 684 3636 aresset,
700 3559 739 3623 et
768 3547 941 3647 colligent
968 3573 1068 3638 eum,
1096 3556 1134 3629 et
1148 3553 1184 3626 in
1204 3551 1326 3650 ignem
1343 3553 1430 3633 mit-

290 3689 385 3763 tent,
405 3689 444 3751 et
467 3677 583 3751 ardet.

398 3798 421 3878 7
450 3803 488 3876 Si
508 3803 713 3883 manseritis
729 3805 763 3876 in
781 3827 854 3890 me,
870 3818 908 3880 et
922 3806 1033 3883 verba
1061 3830 1142 3881 mea
1158 3808 1195 3885 in
1209 3805 1315 3886 vohis
1331 3831 1432 3885 mam

229 3960 231 3965 ·
293 3933 418 4013 serint:
435 3933 685 4031 quodcumque
700 3922 886 4011 volueritis
901 3935 1049 4031 petetis,
1076 3948 1114 4011 et
1128 3936 1192 4012 fiet
1219 3935 1339 4011 vobis.

402 4053 427 4130 8
455 4058 495 4131 ln
508 4059 579 4133 hoc
597 4059 815 4133 clarificatus
843 4075 902 4133 est
919 4058 1029 4134 Pater
1061 4086 1180 4148 mene,
1199 4076 1240 4138 ut
1273 4058 1430 4144 fructum

292 4187 488 4292 plurimum
508 4185 681 4275 afferatis,
698 4202 736 4266 et
764 4187 970 4265 efficiamini
997 4190 1069 4265 mei
1089 4192 1269 4290 discipuli.
