<?xml version="1.0" encoding="UTF-8"?>
<!DOCTYPE html PUBLIC "-//W3C//DTD XHTML 1.0 Transitional//EN"
    "http://www.w3.org/TR/xhtml1/DTD/xhtml1-transitional.dtd">
<html xmlns="http://www.w3.org/1999/xhtml" xml:lang="en" lang="en">
 <head>
  <title>
</title>
<meta http-equiv="Content-Type" content="text/html;charset=utf-8" />
  <meta name='ocr-system' content='tesseract 3.04.00' />
  <meta name='ocr-capabilities' content='ocr_page ocr_carea ocr_par ocr_line ocrx_word'/>
</head>
<body>
  <div class='ocr_page' id='page_1' title='image "./franciscixaveri00patrgoog_0151.png"; bbox 0 0 2986 4912; ppageno 0'>
   <div class='ocr_carea' id='block_1_1' title="bbox 163 316 1319 2830">
    <p class='ocr_par' dir='ltr' id='par_1_1' title="bbox 163 316 1305 928">
     <span class='ocr_line' id='line_1_1' title="bbox 164 316 1276 413; baseline -0.011 -15"><span class='ocrx_word' id='word_1_1' title='bbox 164 316 232 398; x_wconf 82' lang='grc'><strong>136</strong></span> <span class='ocrx_word' id='word_1_2' title='bbox 498 345 527 393; x_wconf 82' lang='lat' dir='ltr'><strong>m</strong></span> <span class='ocrx_word' id='word_1_3' title='bbox 549 342 686 392; x_wconf 81' lang='lat' dir='ltr'><strong>rornnnn</strong></span> <span class='ocrx_word' id='word_1_4' title='bbox 708 340 958 390; x_wconf 80' lang='lat' dir='ltr'><strong>eorrnnnnrnrvn</strong></span> <span class='ocrx_word' id='word_1_5' title='bbox 1272 407 1276 413; x_wconf 24' lang='grc' dir='ltr'>Ι</span> 
     </span>
     <span class='ocr_line' id='line_1_2' title="bbox 164 425 1303 512; baseline -0.001 -17"><span class='ocrx_word' id='word_1_6' title='bbox 164 450 270 512; x_wconf 88' lang='lat' dir='ltr'><strong>neque</strong></span> <span class='ocrx_word' id='word_1_7' title='bbox 292 431 361 494; x_wconf 90' lang='lat' dir='ltr'><strong>eius</strong></span> <span class='ocrx_word' id='word_1_8' title='bbox 382 448 470 492; x_wconf 90' lang='lat' dir='ltr'><strong>mors</strong></span> <span class='ocrx_word' id='word_1_9' title='bbox 491 429 698 509; x_wconf 81' lang='lat' dir='ltr'><strong>perduraret3</strong></span> <span class='ocrx_word' id='word_1_10' title='bbox 721 429 908 490; x_wconf 82' lang='lat' dir='ltr'><strong>tumetium</strong></span> <span class='ocrx_word' id='word_1_11' title='bbox 929 428 1018 508; x_wconf 87' lang='lat' dir='ltr'><strong>quia,</strong></span> <span class='ocrx_word' id='word_1_12' title='bbox 1041 428 1128 507; x_wconf 91' lang='lat' dir='ltr'><strong>quod</strong></span> <span class='ocrx_word' id='word_1_13' title='bbox 1147 425 1239 492; x_wconf 86' lang='lat' dir='ltr'><strong>Deus</strong></span> <span class='ocrx_word' id='word_1_14' title='bbox 1261 445 1303 494; x_wconf 82' lang='lat' dir='ltr'><strong>ea</strong></span> 
     </span>
     <span class='ocr_line' id='line_1_3' title="bbox 163 529 1305 610; baseline 0 -16"><span class='ocrx_word' id='word_1_15' title='bbox 163 533 349 596; x_wconf 85' lang='lat' dir='ltr'><strong>infirmitate</strong></span> <span class='ocrx_word' id='word_1_16' title='bbox 370 531 494 594; x_wconf 83' lang='lat' dir='ltr'>Lazaro</span> <span class='ocrx_word' id='word_1_17' title='bbox 516 530 656 592; x_wconf 91' lang='lat' dir='ltr'><strong>immissa</strong></span> <span class='ocrx_word' id='word_1_18' title='bbox 676 529 861 592; x_wconf 82' lang='lat' dir='ltr'><strong>intendebat</strong></span> <span class='ocrx_word' id='word_1_19' title='bbox 879 530 1094 610; x_wconf 89' lang='lat' dir='ltr'><strong>potissimum,</strong></span> <span class='ocrx_word' id='word_1_20' title='bbox 1115 549 1179 592; x_wconf 94' lang='lat' dir='ltr'><strong>non</strong></span> <span class='ocrx_word' id='word_1_21' title='bbox 1200 530 1305 594; x_wconf 84' lang='lat' dir='ltr'><strong>huius</strong></span> 
     </span>
     <span class='ocr_line' id='line_1_4' title="bbox 165 624 1301 710; baseline 0.001 -14"><span class='ocrx_word' id='word_1_22' title='bbox 165 652 253 696; x_wconf 92' lang='lat' dir='ltr'><strong>mors</strong></span> <span class='ocrx_word' id='word_1_23' title='bbox 275 639 371 709; x_wconf 86' lang='lat' dir='ltr'><strong>esset,</strong></span> <span class='ocrx_word' id='word_1_24' title='bbox 391 632 447 694; x_wconf 91' lang='lat' dir='ltr'><strong>sed</strong></span> <span class='ocrx_word' id='word_1_25' title='bbox 470 629 590 694; x_wconf 86' lang='lat' dir='ltr'><strong>Christi</strong></span> <span class='ocrx_word' id='word_1_26' title='bbox 611 631 725 710; x_wconf 82' lang='lat' dir='ltr'><strong>gloria.</strong></span> <span class='ocrx_word' id='word_1_27' title='bbox 740 628 876 692; x_wconf 90' lang='lat' dir='ltr'><strong>—Nota</strong></span> <span class='ocrx_word' id='word_1_28' title='bbox 889 648 986 693; x_wconf 85' lang='lat' dir='ltr'><strong>voces</strong></span> <span class='ocrx_word' id='word_1_29' title='bbox 1000 627 1105 691; x_wconf 81' lang='lat' dir='ltr'><strong>Filius</strong></span> <span class='ocrx_word' id='word_1_30' title='bbox 1117 627 1179 691; x_wconf 86' lang='lat' dir='ltr'><strong>Dei</strong></span> <span class='ocrx_word' id='word_1_31' title='bbox 1194 625 1211 695; x_wconf 83' lang='grc' dir='ltr'>ὁ</span> <span class='ocrx_word' id='word_1_32' title='bbox 1226 624 1301 710; x_wconf 80' lang='grc' dir='ltr'><strong><em>υἷος</em></strong></span> 
     </span>
     <span class='ocr_line' id='line_1_5' title="bbox 169 727 1303 824; baseline -0.004 -23"><span class='ocrx_word' id='word_1_33' title='bbox 169 755 224 801; x_wconf 82' lang='grc' dir='ltr'><strong>του</strong></span> <span class='ocrx_word' id='word_1_34' title='bbox 239 730 369 812; x_wconf 67' lang='lat' dir='ltr'><strong>assem</strong></span> <span class='ocrx_word' id='word_1_35' title='bbox 389 729 475 812; x_wconf 65' lang='lat' dir='ltr'><strong>fictio</strong></span> <span class='ocrx_word' id='word_1_36' title='bbox 496 728 530 791; x_wconf 88' lang='lat' dir='ltr'><strong>di</strong></span> <span class='ocrx_word' id='word_1_37' title='bbox 551 728 614 791; x_wconf 80' lang='lat' dir='ltr'><strong>Dio</strong></span> <span class='ocrx_word' id='word_1_38' title='bbox 622 742 638 807; x_wconf 86' lang='lat'><em>)</em></span> <span class='ocrx_word' id='word_1_39' title='bbox 653 749 670 803; x_wconf 70' lang='lat'><em>3</em></span> <span class='ocrx_word' id='word_1_40' title='bbox 692 731 769 793; x_wconf 88' lang='lat' dir='ltr'><strong>item</strong></span> <span class='ocrx_word' id='word_1_41' title='bbox 790 735 828 792; x_wconf 87' lang='lat' dir='ltr'><strong>nt</strong></span> <span class='ocrx_word' id='word_1_42' title='bbox 849 727 969 794; x_wconf 87' lang='lat' dir='ltr'><strong>Christi</strong></span> <span class='ocrx_word' id='word_1_43' title='bbox 990 732 1096 824; x_wconf 81' lang='lat' dir='ltr'><strong>gloria</strong></span> <span class='ocrx_word' id='word_1_44' title='bbox 1123 733 1164 795; x_wconf 92' lang='lat' dir='ltr'><strong>sit</strong></span> <span class='ocrx_word' id='word_1_45' title='bbox 1195 736 1303 816; x_wconf 78' lang='lat' dir='ltr'><strong>gloria</strong></span> 
     </span>
     <span class='ocr_line' id='line_1_6' title="bbox 166 831 977 928; baseline -0.005 -28"><span class='ocrx_word' id='word_1_46' title='bbox 166 837 237 902; x_wconf 88' lang='lat' dir='ltr'><strong>Dei.</strong></span> <span class='ocrx_word' id='word_1_47' title='bbox 250 835 363 901; x_wconf 79' lang='lat' dir='ltr'><strong>-Per</strong></span> <span class='ocrx_word' id='word_1_48' title='bbox 384 833 505 902; x_wconf 83' lang='lat' dir='ltr'><strong>eamdt’</strong></span> <span class='ocrx_word' id='word_1_49' title='bbox 520 831 633 928; x_wconf 66' lang='grc' dir='ltr'><strong><em>αὐτῃς,</em></strong></span> <span class='ocrx_word' id='word_1_50' title='bbox 658 851 808 914; x_wconf 90' lang='lat' dir='ltr'><strong>peream</strong></span> <span class='ocrx_word' id='word_1_51' title='bbox 829 833 977 914; x_wconf 83' lang='lat' dir='ltr'><strong>gloriam.</strong></span> 
     </span>
    </p>

    <p class='ocr_par' dir='ltr' id='par_1_2' title="bbox 167 939 1308 1422">
     <span class='ocr_line' id='line_1_7' title="bbox 247 939 1305 1024; baseline -0.001 -17"><span class='ocrx_word' id='word_1_52' title='bbox 247 961 279 1007; x_wconf 80' lang='lat' dir='ltr'><strong>v.</strong></span> <span class='ocrx_word' id='word_1_53' title='bbox 302 939 331 1006; x_wconf 98' lang='grc'><strong>6.</strong></span> <span class='ocrx_word' id='word_1_54' title='bbox 355 939 417 1003; x_wconf 86' lang='lat' dir='ltr'><strong>lilo</strong></span> <span class='ocrx_word' id='word_1_55' title='bbox 438 941 507 1021; x_wconf 89' lang='lat' dir='ltr'><strong>ipso</strong></span> <span class='ocrx_word' id='word_1_56' title='bbox 529 942 594 1017; x_wconf 78' lang='lat' dir='ltr'><strong>die,</strong></span> <span class='ocrx_word' id='word_1_57' title='bbox 615 961 681 1020; x_wconf 90' lang='lat' dir='ltr'><strong>quo</strong></span> <span class='ocrx_word' id='word_1_58' title='bbox 703 943 755 1005; x_wconf 88' lang='lat' dir='ltr'><strong>hic</strong></span> <span class='ocrx_word' id='word_1_59' title='bbox 774 943 907 1005; x_wconf 91' lang='lat' dir='ltr'><strong>nuntius</strong></span> <span class='ocrx_word' id='word_1_60' title='bbox 928 941 1057 1006; x_wconf 88' lang='lat' dir='ltr'><strong>Christo</strong></span> <span class='ocrx_word' id='word_1_61' title='bbox 1078 945 1224 1024; x_wconf 88' lang='lat' dir='ltr'><strong>perlatus</strong></span> <span class='ocrx_word' id='word_1_62' title='bbox 1239 950 1305 1019; x_wconf 89' lang='lat' dir='ltr'><strong>est,</strong></span> 
     </span>
     <span class='ocr_line' id='line_1_8' title="bbox 167 1040 1305 1125; baseline 0 -21"><span class='ocrx_word' id='word_1_63' title='bbox 167 1040 311 1105; x_wconf 79' lang='lat' dir='ltr'><strong>Lazarus</strong></span> <span class='ocrx_word' id='word_1_64' title='bbox 332 1041 444 1105; x_wconf 83' lang='lat' dir='ltr'><strong>vivere</strong></span> <span class='ocrx_word' id='word_1_65' title='bbox 466 1042 570 1104; x_wconf 90' lang='lat' dir='ltr'><strong>desiit.</strong></span> <span class='ocrx_word' id='word_1_66' title='bbox 593 1040 677 1105; x_wconf 87' lang='lat' dir='ltr'><strong>Nam</strong></span> <span class='ocrx_word' id='word_1_67' title='bbox 699 1040 847 1107; x_wconf 86' lang='lat' dir='ltr'><strong>Christus</strong></span> <span class='ocrx_word' id='word_1_68' title='bbox 862 1050 994 1125; x_wconf 87' lang='lat' dir='ltr'><strong>accepto</strong></span> <span class='ocrx_word' id='word_1_69' title='bbox 1008 1047 1121 1107; x_wconf 91' lang='lat' dir='ltr'><strong>nuntio</strong></span> <span class='ocrx_word' id='word_1_70' title='bbox 1134 1043 1255 1107; x_wconf 79' lang='lat' dir='ltr'><strong>mansit</strong></span> <span class='ocrx_word' id='word_1_71' title='bbox 1268 1041 1305 1105; x_wconf 81' lang='lat' dir='ltr'><strong>io</strong></span> 
     </span>
     <span class='ocr_line' id='line_1_9' title="bbox 167 1141 1308 1210; baseline 0.003 -7"><span class='ocrx_word' id='word_1_72' title='bbox 167 1143 270 1205; x_wconf 81' lang='lat' dir='ltr'><strong>codem</strong></span> <span class='ocrx_word' id='word_1_73' title='bbox 291 1143 358 1204; x_wconf 85' lang='lat' dir='ltr'><strong>loeo</strong></span> <span class='ocrx_word' id='word_1_74' title='bbox 379 1141 497 1204; x_wconf 78' lang='lat' dir='ltr'><strong>duobus</strong></span> <span class='ocrx_word' id='word_1_75' title='bbox 518 1141 634 1205; x_wconf 80' lang='lat' dir='ltr'><strong>dicbus.</strong></span> <span class='ocrx_word' id='word_1_76' title='bbox 658 1141 768 1206; x_wconf 88' lang='lat' dir='ltr'><strong>Tertio</strong></span> <span class='ocrx_word' id='word_1_77' title='bbox 790 1144 840 1207; x_wconf 92' lang='lat' dir='ltr'><strong>die</strong></span> <span class='ocrx_word' id='word_1_78' title='bbox 862 1142 1052 1206; x_wconf 77' lang='lat' dir='ltr'><strong>bethaniam</strong></span> <span class='ocrx_word' id='word_1_79' title='bbox 1082 1147 1169 1210; x_wconf 85' lang='lat' dir='ltr'><strong>venit</strong></span> <span class='ocrx_word' id='word_1_80' title='bbox 1188 1146 1308 1207; x_wconf 87' lang='lat' dir='ltr'><strong>itinere</strong></span> 
     </span>
     <span class='ocr_line' id='line_1_10' title="bbox 167 1240 1307 1325; baseline 0.001 -18"><span class='ocrx_word' id='word_1_81' title='bbox 167 1243 330 1307; x_wconf 81' lang='lat' dir='ltr'><strong>sexdecim</strong></span> <span class='ocrx_word' id='word_1_82' title='bbox 353 1242 486 1305; x_wconf 81' lang='lat' dir='ltr'><strong>circiter</strong></span> <span class='ocrx_word' id='word_1_83' title='bbox 513 1242 666 1304; x_wconf 83' lang='lat' dir='ltr'><strong>millium.</strong></span> <span class='ocrx_word' id='word_1_84' title='bbox 689 1240 800 1317; x_wconf 89' lang='lat' dir='ltr'><strong>Quum</strong></span> <span class='ocrx_word' id='word_1_85' title='bbox 825 1248 934 1304; x_wconf 87' lang='lat' dir='ltr'><strong>antem</strong></span> <span class='ocrx_word' id='word_1_86' title='bbox 964 1244 1044 1305; x_wconf 87' lang='lat' dir='ltr'><strong>illue</strong></span> <span class='ocrx_word' id='word_1_87' title='bbox 1081 1245 1307 1325; x_wconf 80' lang='lat' dir='ltr'><strong>pervenisset,</strong></span> 
     </span>
     <span class='ocr_line' id='line_1_11' title="bbox 168 1341 1305 1422; baseline 0.001 -15"><span class='ocrx_word' id='word_1_88' title='bbox 168 1344 293 1408; x_wconf 83' lang='lat' dir='ltr'><strong>audivit</strong></span> <span class='ocrx_word' id='word_1_89' title='bbox 312 1341 475 1406; x_wconf 86' lang='lat' dir='ltr'><strong>Lazarum</strong></span> <span class='ocrx_word' id='word_1_90' title='bbox 496 1348 614 1422; x_wconf 87' lang='lat' dir='ltr'><strong>quarto</strong></span> <span class='ocrx_word' id='word_1_91' title='bbox 629 1348 703 1405; x_wconf 88' lang='lat' dir='ltr'><strong>ante</strong></span> <span class='ocrx_word' id='word_1_92' title='bbox 719 1343 804 1405; x_wconf 88' lang='lat' dir='ltr'><strong>diem</strong></span> <span class='ocrx_word' id='word_1_93' title='bbox 818 1350 987 1407; x_wconf 85' lang='lat' dir='ltr'><strong>mortuum</strong></span> <span class='ocrx_word' id='word_1_94' title='bbox 1002 1345 1100 1409; x_wconf 86' lang='lat' dir='ltr'><strong>fnisse</strong></span> <span class='ocrx_word' id='word_1_95' title='bbox 1114 1366 1167 1410; x_wconf 84' lang='lat' dir='ltr'><strong>vv.</strong></span> <span class='ocrx_word' id='word_1_96' title='bbox 1184 1343 1234 1410; x_wconf 81' lang='lat'><strong>17.</strong></span> <span class='ocrx_word' id='word_1_97' title='bbox 1251 1345 1305 1411; x_wconf 85' lang='grc'><strong>39.</strong></span> 
     </span>
    </p>

    <p class='ocr_par' dir='ltr' id='par_1_3' title="bbox 170 1440 1313 1828">
     <span class='ocr_line' id='line_1_12' title="bbox 249 1440 1312 1526; baseline 0.001 -18"><span class='ocrx_word' id='word_1_98' title='bbox 249 1462 303 1509; x_wconf 85' lang='lat' dir='ltr'><strong>vv.</strong></span> <span class='ocrx_word' id='word_1_99' title='bbox 326 1441 356 1509; x_wconf 91' lang='grc'><strong>9.</strong></span> <span class='ocrx_word' id='word_1_100' title='bbox 378 1440 428 1510; x_wconf 86' lang='grc'><strong>19.</strong></span> <span class='ocrx_word' id='word_1_101' title='bbox 450 1441 536 1524; x_wconf 84' lang='lat' dir='ltr'><strong>Lege</strong></span> <span class='ocrx_word' id='word_1_102' title='bbox 557 1462 641 1524; x_wconf 82' lang='lat' dir='ltr'><strong>quac</strong></span> <span class='ocrx_word' id='word_1_103' title='bbox 663 1444 803 1507; x_wconf 83' lang='lat' dir='ltr'><strong>diximus</strong></span> <span class='ocrx_word' id='word_1_104' title='bbox 825 1443 927 1507; x_wconf 91' lang='lat' dir='ltr'><strong>delo.</strong></span> <span class='ocrx_word' id='word_1_105' title='bbox 945 1443 1036 1522; x_wconf 81' lang='grc' dir='ltr'><strong>Ι,39.</strong></span> <span class='ocrx_word' id='word_1_106' title='bbox 1062 1442 1222 1524; x_wconf 90' lang='lat' dir='ltr'><strong>Christus,</strong></span> <span class='ocrx_word' id='word_1_107' title='bbox 1239 1465 1312 1526; x_wconf 90' lang='lat' dir='ltr'><strong>quo</strong></span> 
     </span>
     <span class='ocr_line' id='line_1_13' title="bbox 170 1545 1313 1626; baseline 0.003 -19"><span class='ocrx_word' id='word_1_108' title='bbox 170 1546 344 1626; x_wconf 89' lang='lat' dir='ltr'><strong>discipulos</strong></span> <span class='ocrx_word' id='word_1_109' title='bbox 364 1563 496 1607; x_wconf 88' lang='lat' dir='ltr'><strong>securos</strong></span> <span class='ocrx_word' id='word_1_110' title='bbox 519 1545 654 1622; x_wconf 74' lang='lat' dir='ltr'><strong>iaceret,</strong></span> <span class='ocrx_word' id='word_1_111' title='bbox 669 1546 731 1608; x_wconf 91' lang='lat' dir='ltr'><strong>hoo</strong></span> <span class='ocrx_word' id='word_1_112' title='bbox 752 1546 849 1607; x_wconf 92' lang='lat' dir='ltr'><strong>simili</strong></span> <span class='ocrx_word' id='word_1_113' title='bbox 869 1547 1058 1626; x_wconf 83' lang='lat' dir='ltr'><strong>significavit</strong></span> <span class='ocrx_word' id='word_1_114' title='bbox 1076 1548 1253 1611; x_wconf 82' lang='lat' dir='ltr'><strong>vivendum</strong></span> <span class='ocrx_word' id='word_1_115' title='bbox 1268 1550 1313 1610; x_wconf 87' lang='lat' dir='ltr'><strong>si-</strong></span> 
     </span>
     <span class='ocr_line' id='line_1_14' title="bbox 170 1646 1313 1727; baseline 0.002 -19"><span class='ocrx_word' id='word_1_116' title='bbox 170 1646 202 1708; x_wconf 89' lang='lat' dir='ltr'><strong>bi</strong></span> <span class='ocrx_word' id='word_1_117' title='bbox 223 1647 320 1709; x_wconf 90' lang='lat' dir='ltr'><strong>etiam</strong></span> <span class='ocrx_word' id='word_1_118' title='bbox 341 1665 423 1723; x_wconf 86' lang='lat' dir='ltr'><strong>esse,</strong></span> <span class='ocrx_word' id='word_1_119' title='bbox 437 1648 575 1708; x_wconf 89' lang='lat' dir='ltr'><strong>necdum</strong></span> <span class='ocrx_word' id='word_1_120' title='bbox 596 1646 703 1709; x_wconf 90' lang='lat' dir='ltr'><strong>obitus</strong></span> <span class='ocrx_word' id='word_1_121' title='bbox 723 1647 773 1709; x_wconf 91' lang='lat' dir='ltr'><strong>sui</strong></span> <span class='ocrx_word' id='word_1_122' title='bbox 796 1653 921 1727; x_wconf 89' lang='lat' dir='ltr'><strong>tempus</strong></span> <span class='ocrx_word' id='word_1_123' title='bbox 943 1647 1078 1723; x_wconf 77' lang='lat' dir='ltr'><strong>instare,</strong></span> <span class='ocrx_word' id='word_1_124' title='bbox 1092 1667 1155 1709; x_wconf 96' lang='lat' dir='ltr'><strong>non</strong></span> <span class='ocrx_word' id='word_1_125' title='bbox 1169 1666 1251 1727; x_wconf 82' lang='lat' dir='ltr'><strong>ergo</strong></span> <span class='ocrx_word' id='word_1_126' title='bbox 1273 1649 1313 1710; x_wconf 91' lang='lat' dir='ltr'><strong>ti-</strong></span> 
     </span>
     <span class='ocr_line' id='line_1_15' title="bbox 174 1746 1112 1828; baseline 0.001 -19"><span class='ocrx_word' id='word_1_127' title='bbox 174 1748 339 1825; x_wconf 86' lang='lat' dir='ltr'><strong>mendum,</strong></span> <span class='ocrx_word' id='word_1_128' title='bbox 355 1747 461 1826; x_wconf 82' lang='lat' dir='ltr'><strong>siquid</strong></span> <span class='ocrx_word' id='word_1_129' title='bbox 483 1746 595 1809; x_wconf 85' lang='lat' dir='ltr'><strong>ludaei</strong></span> <span class='ocrx_word' id='word_1_130' title='bbox 615 1747 648 1808; x_wconf 94' lang='lat' dir='ltr'><strong>in</strong></span> <span class='ocrx_word' id='word_1_131' title='bbox 668 1748 767 1828; x_wconf 88' lang='lat' dir='ltr'><strong>ipsius</strong></span> <span class='ocrx_word' id='word_1_132' title='bbox 788 1748 888 1811; x_wconf 83' lang='lat' dir='ltr'><strong>vitam</strong></span> <span class='ocrx_word' id='word_1_133' title='bbox 908 1749 1112 1811; x_wconf 88' lang='lat' dir='ltr'><strong>molirentur.</strong></span> 
     </span>
    </p>

    <p class='ocr_par' dir='ltr' id='par_1_4' title="bbox 171 1845 1316 2132">
     <span class='ocr_line' id='line_1_16' title="bbox 251 1845 1314 1927; baseline -0.001 -14"><span class='ocrx_word' id='word_1_134' title='bbox 251 1868 305 1913; x_wconf 80' lang='lat' dir='ltr'><strong>vv.</strong></span> <span class='ocrx_word' id='word_1_135' title='bbox 328 1845 446 1914; x_wconf 80' lang='grc'><strong>11-13.</strong></span> <span class='ocrx_word' id='word_1_136' title='bbox 464 1849 564 1911; x_wconf 82' lang='lat' dir='ltr'><strong>hliud</strong></span> <span class='ocrx_word' id='word_1_137' title='bbox 585 1855 634 1912; x_wconf 87' lang='lat' dir='ltr'><strong>est</strong></span> <span class='ocrx_word' id='word_1_138' title='bbox 654 1851 832 1912; x_wconf 85' lang='lat' dir='ltr'><strong>verborum</strong></span> <span class='ocrx_word' id='word_1_139' title='bbox 847 1850 1123 1913; x_wconf 83' lang='lat' dir='ltr'><strong>immutationibus</strong></span> <span class='ocrx_word' id='word_1_140' title='bbox 1142 1852 1204 1927; x_wconf 90' lang='lat' dir='ltr'><strong>uti,</strong></span> <span class='ocrx_word' id='word_1_141' title='bbox 1219 1851 1314 1912; x_wconf 94' lang='lat' dir='ltr'><strong>alind</strong></span> 
     </span>
     <span class='ocr_line' id='line_1_17' title="bbox 171 1948 1316 2031; baseline 0.002 -19"><span class='ocrx_word' id='word_1_142' title='bbox 171 1950 312 2014; x_wconf 86' lang='lat' dir='ltr'><strong>mentiri.</strong></span> <span class='ocrx_word' id='word_1_143' title='bbox 335 1948 409 2031; x_wconf 85' lang='lat' dir='ltr'><strong>Ipse</strong></span> <span class='ocrx_word' id='word_1_144' title='bbox 428 1948 565 2013; x_wconf 91' lang='lat' dir='ltr'><strong>Ioannes</strong></span> <span class='ocrx_word' id='word_1_145' title='bbox 585 1969 644 2012; x_wconf 88' lang='lat' dir='ltr'><strong>nos</strong></span> <span class='ocrx_word' id='word_1_146' title='bbox 664 1950 759 2013; x_wconf 88' lang='lat' dir='ltr'><strong>docet</strong></span> <span class='ocrx_word' id='word_1_147' title='bbox 780 1951 857 2030; x_wconf 91' lang='lat' dir='ltr'><strong>quid</strong></span> <span class='ocrx_word' id='word_1_148' title='bbox 879 1949 1027 2015; x_wconf 84' lang='lat' dir='ltr'><strong>Christus</strong></span> <span class='ocrx_word' id='word_1_149' title='bbox 1042 1952 1100 2015; x_wconf 92' lang='lat' dir='ltr'><strong>illo</strong></span> <span class='ocrx_word' id='word_1_150' title='bbox 1115 1954 1217 2015; x_wconf 75' lang='lat' dir='ltr'><strong>verbo</strong></span> <span class='ocrx_word' id='word_1_151' title='bbox 1240 1954 1316 2014; x_wconf 82' lang='lat' dir='ltr'><strong>dor-</strong></span> 
     </span>
     <span class='ocr_line' id='line_1_18' title="bbox 175 2050 492 2132; baseline 0 -19"><span class='ocrx_word' id='word_1_152' title='bbox 175 2050 233 2114; x_wconf 84' lang='lat' dir='ltr'><strong>mit</strong></span> <span class='ocrx_word' id='word_1_153' title='bbox 252 2051 492 2132; x_wconf 80' lang='lat' dir='ltr'><strong>significaverit.</strong></span> 
     </span>
    </p>

    <p class='ocr_par' dir='ltr' id='par_1_5' title="bbox 169 2146 1319 2726">
     <span class='ocr_line' id='line_1_19' title="bbox 253 2146 1315 2232; baseline -0.002 -16"><span class='ocrx_word' id='word_1_154' title='bbox 253 2172 285 2216; x_wconf 83' lang='lat' dir='ltr'><strong>v.</strong></span> <span class='ocrx_word' id='word_1_155' title='bbox 306 2146 356 2215; x_wconf 89' lang='grc'><strong>15.</strong></span> <span class='ocrx_word' id='word_1_156' title='bbox 373 2150 421 2214; x_wconf 87' lang='lat' dir='ltr'><strong>De</strong></span> <span class='ocrx_word' id='word_1_157' title='bbox 441 2152 504 2214; x_wconf 91' lang='lat' dir='ltr'><strong>hoc</strong></span> <span class='ocrx_word' id='word_1_158' title='bbox 525 2153 656 2231; x_wconf 74' lang='lat' dir='ltr'><strong>quadro,</strong></span> <span class='ocrx_word' id='word_1_159' title='bbox 673 2151 760 2231; x_wconf 90' lang='lat' dir='ltr'><strong>quod</strong></span> <span class='ocrx_word' id='word_1_160' title='bbox 782 2169 846 2212; x_wconf 85' lang='lat' dir='ltr'><strong>ooo</strong></span> <span class='ocrx_word' id='word_1_161' title='bbox 868 2170 952 2213; x_wconf 85' lang='lat' dir='ltr'><strong>eram</strong></span> <span class='ocrx_word' id='word_1_162' title='bbox 973 2150 1038 2224; x_wconf 84' lang='lat' dir='ltr'><strong>ibi;</strong></span> <span class='ocrx_word' id='word_1_163' title='bbox 1054 2152 1179 2232; x_wconf 84' lang='lat' dir='ltr'><strong>gaudeo</strong></span> <span class='ocrx_word' id='word_1_164' title='bbox 1200 2159 1315 2216; x_wconf 86' lang='lat' dir='ltr'><strong>autern</strong></span> 
     </span>
     <span class='ocr_line' id='line_1_20' title="bbox 169 2251 1315 2333; baseline -0.001 -18"><span class='ocrx_word' id='word_1_165' title='bbox 169 2261 299 2333; x_wconf 77' lang='lat' dir='ltr'><strong>propter</strong></span> <span class='ocrx_word' id='word_1_166' title='bbox 318 2271 385 2325; x_wconf 83' lang='lat' dir='ltr'><strong>eos,</strong></span> <span class='ocrx_word' id='word_1_167' title='bbox 408 2253 496 2333; x_wconf 88' lang='lat' dir='ltr'><strong>qnia,</strong></span> <span class='ocrx_word' id='word_1_168' title='bbox 520 2271 622 2332; x_wconf 90' lang='lat' dir='ltr'><strong>quum</strong></span> <span class='ocrx_word' id='word_1_169' title='bbox 642 2252 715 2315; x_wconf 87' lang='lat' dir='ltr'><strong>inde</strong></span> <span class='ocrx_word' id='word_1_170' title='bbox 737 2254 893 2330; x_wconf 89' lang='lat' dir='ltr'><strong>abessem,</strong></span> <span class='ocrx_word' id='word_1_171' title='bbox 909 2251 1026 2314; x_wconf 84' lang='lat' dir='ltr'><strong>Lazari</strong></span> <span class='ocrx_word' id='word_1_172' title='bbox 1045 2271 1174 2316; x_wconf 87' lang='lat' dir='ltr'><strong>sorores</strong></span> <span class='ocrx_word' id='word_1_173' title='bbox 1195 2271 1262 2316; x_wconf 94' lang='lat' dir='ltr'><strong>non</strong></span> <span class='ocrx_word' id='word_1_174' title='bbox 1283 2253 1315 2314; x_wconf 95' lang='lat' dir='ltr'><strong>id</strong></span> 
     </span>
     <span class='ocr_line' id='line_1_21' title="bbox 176 2353 1319 2433; baseline 0.003 -19"><span class='ocrx_word' id='word_1_175' title='bbox 176 2354 326 2433; x_wconf 87' lang='lat' dir='ltr'><strong>precibus</strong></span> <span class='ocrx_word' id='word_1_176' title='bbox 356 2353 422 2415; x_wconf 89' lang='lat' dir='ltr'><strong>suis</strong></span> <span class='ocrx_word' id='word_1_177' title='bbox 453 2353 583 2417; x_wconf 84' lang='lat' dir='ltr'><strong>vincere</strong></span> <span class='ocrx_word' id='word_1_178' title='bbox 617 2358 797 2433; x_wconf 89' lang='lat' dir='ltr'><strong>potuerunt</strong></span> <span class='ocrx_word' id='word_1_179' title='bbox 827 2359 864 2415; x_wconf 92' lang='lat' dir='ltr'><strong>ut</strong></span> <span class='ocrx_word' id='word_1_180' title='bbox 896 2353 990 2415; x_wconf 90' lang='lat' dir='ltr'><strong>iratri</strong></span> <span class='ocrx_word' id='word_1_181' title='bbox 1020 2353 1190 2416; x_wconf 89' lang='lat' dir='ltr'><strong>sanitatem</strong></span> <span class='ocrx_word' id='word_1_182' title='bbox 1221 2354 1319 2417; x_wconf 86' lang='lat' dir='ltr'><strong>resti-</strong></span> 
     </span>
     <span class='ocr_line' id='line_1_22' title="bbox 176 2454 1316 2535; baseline 0.003 -19"><span class='ocrx_word' id='word_1_183' title='bbox 176 2459 316 2530; x_wconf 82' lang='lat' dir='ltr'><strong>tuerem,</strong></span> <span class='ocrx_word' id='word_1_184' title='bbox 332 2473 438 2535; x_wconf 86' lang='lat' dir='ltr'><strong>eoque</strong></span> <span class='ocrx_word' id='word_1_185' title='bbox 459 2460 591 2517; x_wconf 92' lang='lat' dir='ltr'><strong>mortno</strong></span> <span class='ocrx_word' id='word_1_186' title='bbox 613 2454 739 2517; x_wconf 88' lang='lat' dir='ltr'><strong>occasio</strong></span> <span class='ocrx_word' id='word_1_187' title='bbox 760 2454 840 2515; x_wconf 90' lang='lat' dir='ltr'><strong>mihi</strong></span> <span class='ocrx_word' id='word_1_188' title='bbox 861 2455 935 2516; x_wconf 90' lang='lat' dir='ltr'><strong>data</strong></span> <span class='ocrx_word' id='word_1_189' title='bbox 956 2460 1004 2517; x_wconf 92' lang='lat' dir='ltr'><strong>est</strong></span> <span class='ocrx_word' id='word_1_190' title='bbox 1024 2456 1131 2535; x_wconf 89' lang='lat' dir='ltr'><strong>ipsum</strong></span> <span class='ocrx_word' id='word_1_191' title='bbox 1151 2456 1191 2517; x_wconf 88' lang='lat' dir='ltr'><strong>ad</strong></span> <span class='ocrx_word' id='word_1_192' title='bbox 1212 2456 1316 2519; x_wconf 80' lang='lat' dir='ltr'><strong>vitan</strong></span> 
     </span>
     <span class='ocr_line' id='line_1_23' title="bbox 177 2555 1318 2637; baseline 0.001 -19"><span class='ocrx_word' id='word_1_193' title='bbox 177 2555 373 2631; x_wconf 82' lang='lat' dir='ltr'><strong>revocandi,</strong></span> <span class='ocrx_word' id='word_1_194' title='bbox 396 2573 461 2636; x_wconf 90' lang='lat' dir='ltr'><strong>quo</strong></span> <span class='ocrx_word' id='word_1_195' title='bbox 482 2555 552 2619; x_wconf 86' lang='lat' dir='ltr'><strong>viso</strong></span> <span class='ocrx_word' id='word_1_196' title='bbox 573 2556 734 2619; x_wconf 88' lang='lat' dir='ltr'><strong>miraculo</strong></span> <span class='ocrx_word' id='word_1_197' title='bbox 755 2556 811 2618; x_wconf 87' lang='lat' dir='ltr'><strong>fiet</strong></span> <span class='ocrx_word' id='word_1_198' title='bbox 830 2563 866 2616; x_wconf 84' lang='lat' dir='ltr'><strong>ot</strong></span> <span class='ocrx_word' id='word_1_199' title='bbox 885 2575 944 2619; x_wconf 84' lang='lat' dir='ltr'><strong>vos</strong></span> <span class='ocrx_word' id='word_1_200' title='bbox 965 2556 1064 2636; x_wconf 82' lang='lat' dir='ltr'><strong>magis</strong></span> <span class='ocrx_word' id='word_1_201' title='bbox 1085 2563 1184 2636; x_wconf 84' lang='lat' dir='ltr'><strong>atque</strong></span> <span class='ocrx_word' id='word_1_202' title='bbox 1212 2556 1318 2637; x_wconf 76' lang='lat' dir='ltr'><strong>magis</strong></span> 
     </span>
     <span class='ocr_line' id='line_1_24' title="bbox 178 2653 690 2726; baseline 0.008 -9"><span class='ocrx_word' id='word_1_203' title='bbox 178 2656 324 2720; x_wconf 81' lang='lat' dir='ltr'><strong>credatis.</strong></span> <span class='ocrx_word' id='word_1_204' title='bbox 349 2654 470 2726; x_wconf 79' lang='lat' dir='ltr'><strong>Confer</strong></span> <span class='ocrx_word' id='word_1_205' title='bbox 490 2677 545 2723; x_wconf 81' lang='lat' dir='ltr'><strong>vv.</strong></span> <span class='ocrx_word' id='word_1_206' title='bbox 566 2653 617 2721; x_wconf 89' lang='grc'><strong>91.</strong></span> <span class='ocrx_word' id='word_1_207' title='bbox 639 2655 690 2722; x_wconf 87' lang='grc'><strong>39.</strong></span> 
     </span>
    </p>

    <p class='ocr_par' dir='ltr' id='par_1_6' title="bbox 256 2754 1319 2830">
     <span class='ocr_line' id='line_1_25' title="bbox 256 2754 1319 2830; baseline 0 -6"><span class='ocrx_word' id='word_1_208' title='bbox 256 2754 511 2824; x_wconf 69' lang='lat' dir='ltr'><strong>niahomon</strong></span> <span class='ocrx_word' id='word_1_209' title='bbox 544 2756 676 2821; x_wconf 72' lang='lat' dir='ltr'><strong>ihomas</strong></span> <span class='ocrx_word' id='word_1_210' title='bbox 696 2766 800 2830; x_wconf 64' lang='lat' dir='ltr'><strong>mittit</strong></span> <span class='ocrx_word' id='word_1_211' title='bbox 821 2759 1010 2823; x_wconf 88' lang='lat' dir='ltr'><strong>hebraicum</strong></span> <span class='ocrx_word' id='word_1_212' title='bbox 1036 2759 1122 2822; x_wconf 89' lang='lat' dir='ltr'><strong>idem</strong></span> <span class='ocrx_word' id='word_1_213' title='bbox 1152 2766 1248 2822; x_wconf 90' lang='lat' dir='ltr'><strong>sonat</strong></span> <span class='ocrx_word' id='word_1_214' title='bbox 1279 2779 1319 2824; x_wconf 86' lang='lat' dir='ltr'><strong>ac</strong></span> 
     </span>
    </p>
   </div>
   <div class='ocr_carea' id='block_1_2' title="bbox 179 2858 1325 4063">
    <p class='ocr_par' dir='ltr' id='par_1_7' title="bbox 179 2858 1320 3151">
     <span class='ocr_line' id='line_1_26' title="bbox 179 2858 1320 2953; baseline 0.004 -29"><span class='ocrx_word' id='word_1_215' title='bbox 179 2881 331 2944; x_wconf 78' lang='lat' dir='ltr'><strong>graecum</strong></span> <span class='ocrx_word' id='word_1_216' title='bbox 351 2858 495 2953; x_wconf 77' lang='grc' dir='ltr'><em>Διδυμος</em></span> <span class='ocrx_word' id='word_1_217' title='bbox 515 2862 689 2943; x_wconf 77' lang='lat' dir='ltr'><strong>Didymus,</strong></span> <span class='ocrx_word' id='word_1_218' title='bbox 712 2868 774 2928; x_wconf 95' lang='lat' dir='ltr'><strong>hoc</strong></span> <span class='ocrx_word' id='word_1_219' title='bbox 803 2872 851 2928; x_wconf 89' lang='lat' dir='ltr'><strong>est</strong></span> <span class='ocrx_word' id='word_1_220' title='bbox 881 2865 1045 2945; x_wconf 67' lang='lat' dir='ltr'><strong>cemimus,</strong></span> <span class='ocrx_word' id='word_1_221' title='bbox 1073 2866 1230 2946; x_wconf 62' lang='lat' dir='ltr'><strong>camelius.</strong></span> <span class='ocrx_word' id='word_1_222' title='bbox 1256 2864 1320 2929; x_wconf 85' lang='lat' dir='ltr'><strong>Hic</strong></span> 
     </span>
     <span class='ocr_line' id='line_1_27' title="bbox 181 2965 1320 3048; baseline 0.001 -19"><span class='ocrx_word' id='word_1_223' title='bbox 181 2986 314 3047; x_wconf 89' lang='lat' dir='ltr'><strong>quoque</strong></span> <span class='ocrx_word' id='word_1_224' title='bbox 335 2965 474 3030; x_wconf 88' lang='lat' dir='ltr'><strong>Thomas</strong></span> <span class='ocrx_word' id='word_1_225' title='bbox 497 2967 595 3030; x_wconf 88' lang='lat' dir='ltr'><strong>talem</strong></span> <span class='ocrx_word' id='word_1_226' title='bbox 615 2986 684 3030; x_wconf 89' lang='lat' dir='ltr'><strong>sese</strong></span> <span class='ocrx_word' id='word_1_227' title='bbox 716 2968 864 3030; x_wconf 80' lang='lat' dir='ltr'><strong>exhibuit</strong></span> <span class='ocrx_word' id='word_1_228' title='bbox 896 2969 1027 3048; x_wconf 91' lang='lat' dir='ltr'><strong>qualem</strong></span> <span class='ocrx_word' id='word_1_229' title='bbox 1058 2987 1159 3048; x_wconf 91' lang='lat' dir='ltr'><strong>quum</strong></span> <span class='ocrx_word' id='word_1_230' title='bbox 1191 2968 1320 3032; x_wconf 84' lang='lat' dir='ltr'><strong>audivit</strong></span> 
     </span>
     <span class='ocr_line' id='line_1_28' title="bbox 181 3066 600 3151; baseline 0 -20"><span class='ocrx_word' id='word_1_231' title='bbox 181 3066 347 3132; x_wconf 86' lang='lat' dir='ltr'><strong>Christum</strong></span> <span class='ocrx_word' id='word_1_232' title='bbox 369 3070 525 3134; x_wconf 82' lang='lat' dir='ltr'><strong>revixisse</strong></span> <span class='ocrx_word' id='word_1_233' title='bbox 547 3066 600 3151; x_wconf 85' lang='grc'><strong>(1).</strong></span> 
     </span>
    </p>

    <p class='ocr_par' dir='ltr' id='par_1_8' title="bbox 181 3167 1324 3638">
     <span class='ocr_line' id='line_1_29' title="bbox 261 3167 1321 3252; baseline 0.003 -21"><span class='ocrx_word' id='word_1_234' title='bbox 261 3187 315 3231; x_wconf 84' lang='lat' dir='ltr'><strong>rr.</strong></span> <span class='ocrx_word' id='word_1_235' title='bbox 338 3167 460 3235; x_wconf 78' lang='grc'><strong>9991.</strong></span> <span class='ocrx_word' id='word_1_236' title='bbox 484 3168 615 3234; x_wconf 88' lang='lat' dir='ltr'><strong>Martha</strong></span> <span class='ocrx_word' id='word_1_237' title='bbox 635 3188 700 3233; x_wconf 91' lang='lat' dir='ltr'><strong>non</strong></span> <span class='ocrx_word' id='word_1_238' title='bbox 720 3170 818 3233; x_wconf 89' lang='lat' dir='ltr'><strong>audet</strong></span> <span class='ocrx_word' id='word_1_239' title='bbox 839 3177 952 3252; x_wconf 87' lang='lat' dir='ltr'><strong>aperte</strong></span> <span class='ocrx_word' id='word_1_240' title='bbox 980 3169 1144 3236; x_wconf 83' lang='lat' dir='ltr'><strong>Christum</strong></span> <span class='ocrx_word' id='word_1_241' title='bbox 1176 3189 1321 3250; x_wconf 79' lang='lat' dir='ltr'><strong>rogare,</strong></span> 
     </span>
     <span class='ocr_line' id='line_1_30' title="bbox 183 3269 1321 3353; baseline 0.004 -22"><span class='ocrx_word' id='word_1_242' title='bbox 183 3269 281 3332; x_wconf 87' lang='lat' dir='ltr'><strong>tacite</strong></span> <span class='ocrx_word' id='word_1_243' title='bbox 303 3276 409 3333; x_wconf 88' lang='lat' dir='ltr'><strong>tamen</strong></span> <span class='ocrx_word' id='word_1_244' title='bbox 430 3271 462 3333; x_wconf 95' lang='lat' dir='ltr'><strong>id</strong></span> <span class='ocrx_word' id='word_1_245' title='bbox 484 3272 575 3349; x_wconf 85' lang='lat' dir='ltr'><strong>facit,</strong></span> <span class='ocrx_word' id='word_1_246' title='bbox 597 3278 636 3334; x_wconf 91' lang='lat' dir='ltr'><strong>ut</strong></span> <span class='ocrx_word' id='word_1_247' title='bbox 658 3272 794 3334; x_wconf 88' lang='lat' dir='ltr'><strong>iratrem</strong></span> <span class='ocrx_word' id='word_1_248' title='bbox 809 3274 989 3336; x_wconf 86' lang='lat' dir='ltr'><strong>resuscitet.</strong></span> <span class='ocrx_word' id='word_1_249' title='bbox 1007 3272 1154 3336; x_wconf 89' lang='lat' dir='ltr'><strong>Christus</strong></span> <span class='ocrx_word' id='word_1_250' title='bbox 1167 3273 1321 3353; x_wconf 82' lang='lat' dir='ltr'><strong>ambigue</strong></span> 
     </span>
     <span class='ocr_line' id='line_1_31' title="bbox 181 3371 1324 3451; baseline 0.004 -19"><span class='ocrx_word' id='word_1_251' title='bbox 181 3371 356 3451; x_wconf 88' lang='lat' dir='ltr'><strong>respondet</strong></span> <span class='ocrx_word' id='word_1_252' title='bbox 376 3372 471 3435; x_wconf 92' lang='lat' dir='ltr'><strong>illum</strong></span> <span class='ocrx_word' id='word_1_253' title='bbox 492 3379 768 3435; x_wconf 88' lang='lat' dir='ltr'><strong>resurrecturum.</strong></span> <span class='ocrx_word' id='word_1_254' title='bbox 792 3373 946 3450; x_wconf 86' lang='lat' dir='ltr'><strong>Martha,</strong></span> <span class='ocrx_word' id='word_1_255' title='bbox 977 3380 1015 3436; x_wconf 93' lang='lat' dir='ltr'><strong>nt</strong></span> <span class='ocrx_word' id='word_1_256' title='bbox 1046 3371 1212 3438; x_wconf 90' lang='lat' dir='ltr'><strong>Christum</strong></span> <span class='ocrx_word' id='word_1_257' title='bbox 1232 3393 1324 3437; x_wconf 80' lang='lat' dir='ltr'><strong>eom·</strong></span> 
     </span>
     <span class='ocr_line' id='line_1_32' title="bbox 185 3471 1322 3553; baseline 0.002 -19"><span class='ocrx_word' id='word_1_258' title='bbox 185 3471 287 3552; x_wconf 89' lang='lat' dir='ltr'><strong>pellat</strong></span> <span class='ocrx_word' id='word_1_259' title='bbox 308 3478 419 3553; x_wconf 86' lang='lat' dir='ltr'><strong>aperte</strong></span> <span class='ocrx_word' id='word_1_260' title='bbox 439 3473 555 3552; x_wconf 88' lang='lat' dir='ltr'><strong>loqui,</strong></span> <span class='ocrx_word' id='word_1_261' title='bbox 588 3473 633 3535; x_wconf 92' lang='lat' dir='ltr'><strong>ait</strong></span> <span class='ocrx_word' id='word_1_262' title='bbox 663 3473 746 3535; x_wconf 91' lang='lat' dir='ltr'><strong>scire</strong></span> <span class='ocrx_word' id='word_1_263' title='bbox 777 3493 811 3536; x_wconf 88' lang='lat' dir='ltr'><strong>se</strong></span> <span class='ocrx_word' id='word_1_264' title='bbox 832 3474 968 3537; x_wconf 77' lang='lat' dir='ltr'><strong>tratrem</strong></span> <span class='ocrx_word' id='word_1_265' title='bbox 989 3479 1258 3538; x_wconf 86' lang='lat' dir='ltr'><strong>resurrecturum</strong></span> <span class='ocrx_word' id='word_1_266' title='bbox 1286 3473 1322 3537; x_wconf 81' lang='lat' dir='ltr'><strong>io</strong></span> 
     </span>
     <span class='ocr_line' id='line_1_33' title="bbox 184 3573 434 3638; baseline 0.004 -3"><span class='ocrx_word' id='word_1_267' title='bbox 184 3573 354 3638; x_wconf 76' lang='lat' dir='ltr'><strong>oovc&#39;esimo</strong></span> <span class='ocrx_word' id='word_1_268' title='bbox 375 3574 434 3637; x_wconf 80' lang='lat' dir='ltr'><strong>die.</strong></span> 
     </span>
    </p>

    <p class='ocr_par' dir='ltr' id='par_1_9' title="bbox 186 3674 1325 4063">
     <span class='ocr_line' id='line_1_34' title="bbox 262 3674 1325 3757; baseline 0 -17"><span class='ocrx_word' id='word_1_269' title='bbox 262 3696 317 3740; x_wconf 82' lang='lat' dir='ltr'><strong>vv.</strong></span> <span class='ocrx_word' id='word_1_270' title='bbox 340 3674 391 3740; x_wconf 82' lang='grc'><strong>95.</strong></span> <span class='ocrx_word' id='word_1_271' title='bbox 413 3675 464 3741; x_wconf 92' lang='grc'><strong>96.</strong></span> <span class='ocrx_word' id='word_1_272' title='bbox 488 3675 541 3740; x_wconf 85' lang='lat' dir='ltr'><strong>Ex</strong></span> <span class='ocrx_word' id='word_1_273' title='bbox 561 3677 612 3755; x_wconf 91' lang='lat' dir='ltr'><strong>iis,</strong></span> <span class='ocrx_word' id='word_1_274' title='bbox 635 3676 744 3757; x_wconf 91' lang='lat' dir='ltr'><strong>quiin</strong></span> <span class='ocrx_word' id='word_1_275' title='bbox 765 3676 930 3742; x_wconf 93' lang='lat' dir='ltr'><strong>Christum</strong></span> <span class='ocrx_word' id='word_1_276' title='bbox 952 3679 1100 3755; x_wconf 89' lang='lat' dir='ltr'><strong>credunt,</strong></span> <span class='ocrx_word' id='word_1_277' title='bbox 1122 3679 1177 3740; x_wconf 93' lang='lat' dir='ltr'><strong>alii</strong></span> <span class='ocrx_word' id='word_1_278' title='bbox 1198 3680 1325 3743; x_wconf 88' lang='lat' dir='ltr'><strong>mortui</strong></span> 
     </span>
     <span class='ocr_line' id='line_1_35' title="bbox 186 3775 1323 3859; baseline 0.004 -20"><span class='ocrx_word' id='word_1_279' title='bbox 186 3783 273 3855; x_wconf 82' lang='lat' dir='ltr'><strong>sunt,</strong></span> <span class='ocrx_word' id='word_1_280' title='bbox 295 3777 351 3838; x_wconf 90' lang='lat' dir='ltr'><strong>alii</strong></span> <span class='ocrx_word' id='word_1_281' title='bbox 371 3778 497 3841; x_wconf 84' lang='lat' dir='ltr'><strong>vivunt.</strong></span> <span class='ocrx_word' id='word_1_282' title='bbox 522 3775 587 3853; x_wconf 87' lang='lat' dir='ltr'><strong>Qui</strong></span> <span class='ocrx_word' id='word_1_283' title='bbox 607 3779 730 3842; x_wconf 88' lang='lat' dir='ltr'><strong>mortui</strong></span> <span class='ocrx_word' id='word_1_284' title='bbox 751 3786 837 3858; x_wconf 87' lang='lat' dir='ltr'><strong>sunt,</strong></span> <span class='ocrx_word' id='word_1_285' title='bbox 860 3781 1020 3859; x_wconf 77' lang='lat' dir='ltr'><strong>revivent3</strong></span> <span class='ocrx_word' id='word_1_286' title='bbox 1036 3781 1093 3859; x_wconf 93' lang='lat' dir='ltr'><strong>qui</strong></span> <span class='ocrx_word' id='word_1_287' title='bbox 1113 3779 1240 3856; x_wconf 82' lang='lat' dir='ltr'><strong>vivunt,</strong></span> <span class='ocrx_word' id='word_1_288' title='bbox 1257 3799 1323 3844; x_wconf 90' lang='lat' dir='ltr'><strong>nen</strong></span> 
     </span>
     <span class='ocr_line' id='line_1_36' title="bbox 186 3875 1324 3958; baseline 0.004 -19"><span class='ocrx_word' id='word_1_289' title='bbox 186 3878 390 3958; x_wconf 79' lang='lat' dir='ltr'><strong>morientur3</strong></span> <span class='ocrx_word' id='word_1_290' title='bbox 415 3897 492 3943; x_wconf 87' lang='lat' dir='ltr'><strong>nam</strong></span> <span class='ocrx_word' id='word_1_291' title='bbox 511 3875 659 3943; x_wconf 90' lang='lat' dir='ltr'><strong>Christus</strong></span> <span class='ocrx_word' id='word_1_292' title='bbox 679 3881 744 3944; x_wconf 92' lang='lat' dir='ltr'><strong>illis</strong></span> <span class='ocrx_word' id='word_1_293' title='bbox 765 3888 814 3944; x_wconf 89' lang='lat' dir='ltr'><strong>est</strong></span> <span class='ocrx_word' id='word_1_294' title='bbox 834 3882 1055 3957; x_wconf 87' lang='lat' dir='ltr'><strong>resurrectio,</strong></span> <span class='ocrx_word' id='word_1_295' title='bbox 1088 3881 1136 3943; x_wconf 91' lang='lat' dir='ltr'><strong>his</strong></span> <span class='ocrx_word' id='word_1_296' title='bbox 1157 3881 1236 3944; x_wconf 86' lang='lat' dir='ltr'><strong>vita.</strong></span> <span class='ocrx_word' id='word_1_297' title='bbox 1260 3879 1324 3945; x_wconf 92' lang='lat' dir='ltr'><strong>Sed</strong></span> 
     </span>
     <span class='ocr_line' id='line_1_37' title="bbox 188 3978 1324 4063; baseline 0.004 -23"><span class='ocrx_word' id='word_1_298' title='bbox 188 3978 324 4042; x_wconf 90' lang='lat' dir='ltr'><strong>dubium</strong></span> <span class='ocrx_word' id='word_1_299' title='bbox 356 3998 425 4042; x_wconf 84' lang='lat' dir='ltr'><strong>csse</strong></span> <span class='ocrx_word' id='word_1_300' title='bbox 456 3979 587 4045; x_wconf 85' lang='lat' dir='ltr'><strong>ridetur</strong></span> <span class='ocrx_word' id='word_1_301' title='bbox 617 3999 756 4063; x_wconf 91' lang='lat' dir='ltr'><strong>quanam</strong></span> <span class='ocrx_word' id='word_1_302' title='bbox 787 3982 826 4045; x_wconf 90' lang='lat' dir='ltr'><strong>de</strong></span> <span class='ocrx_word' id='word_1_303' title='bbox 857 3982 923 4045; x_wconf 83' lang='lat' dir='ltr'><strong>vita</strong></span> <span class='ocrx_word' id='word_1_304' title='bbox 958 3981 1116 4046; x_wconf 49' lang='lat' dir='ltr'><strong>Christus¹</strong></span> <span class='ocrx_word' id='word_1_305' title='bbox 1138 3981 1324 4062; x_wconf 84' lang='lat' dir='ltr'><strong>loquatur,</strong></span> 
     </span>
    </p>
   </div>
   <div class='ocr_carea' id='block_1_3' title="bbox 254 4161 485 4235">
    <p class='ocr_par' dir='ltr' id='par_1_10' title="bbox 254 4161 485 4235">
     <span class='ocr_line' id='line_1_38' title="bbox 254 4161 485 4235; baseline 0.022 -21"><span class='ocrx_word' id='word_1_306' title='bbox 254 4161 485 4235; x_wconf 60' lang='lat' dir='ltr'><strong>mmmm</strong></span> 
     </span>
    </p>
   </div>
   <div class='ocr_carea' id='block_1_4' title="bbox 0 0 1527 4912">
    <p class='ocr_par' dir='ltr' id='par_1_11' title="bbox 0 0 1527 4912">
     <span class='ocr_line' id='line_1_39' title="bbox 0 0 1527 4912; baseline 0 0"><span class='ocrx_word' id='word_1_307' title='bbox 0 0 1527 4912; x_wconf 95' lang='lat' dir='ltr'><strong> </strong></span> 
     </span>
    </p>
   </div>
  </div>
 </body>
</html>
