2986 4912
526 256 628 304 61666
652 255 769 306 ratum
1173 225 1212 304 II

73 353 189 428 utpote
208 343 385 424 unigenito,
408 347 506 421 atque
527 341 607 402 adeo
629 349 750 421 quanta
771 343 831 424 ipsi
851 341 936 422 patri
957 345 1017 416 est,
1035 343 1213 404 communi·
1256 374 1259 383 ·

79 454 184 510 eatam
205 445 339 525 accepit.
1174 466 1176 471 ⁴

156 546 291 610 Plenum
320 542 442 624 gratiae
472 551 501 604 et
530 541 684 606 veritatis.
717 541 791 606 Vox
814 544 944 623 plenem
971 544 1080 622 potius
1108 546 1212 608 active
1259 576 1261 582 ⁸

79 666 177 726 quarn
197 646 323 729 passive
344 643 528 724 accipienda
549 649 614 719 est,
638 642 735 722 idque
760 643 972 706 confirmatur
996 662 1050 706 66.
1078 638 1128 708 16.
1155 643 1213 725 11;

77 749 230 810 nimirum
250 743 405 807 habitavit
425 743 461 806 e'ee
481 743 570 805 uobis
585 745 715 822 plenum
735 744 857 824 gratiae
877 753 906 804 et
925 742 1070 806 veritatis
1094 752 1132 807 ut
1157 765 1214 810 nes

76 851 113 910 de
128 845 416 929 plenitudieeeeios
436 865 539 907 omnes
560 846 792 926 acciperemus.
817 844 959 928 Cyrillus
981 846 1074 908 docet
1094 846 1216 925 gratioe

78 959 108 1011 et
127 948 271 1012 veritatis
292 949 354 1011 dici
368 944 441 1016 καθ’
454 942 486 1014 ἓν
503 944 560 1017 δια
572 944 661 1015 dcere
676 968 736 1030 pro
756 946 878 1027 gratiae
888 949 1044 1028 perfectae
1064 957 1092 1009 et
1112 967 1213 1012 ceree.

77 1051 198 1117 Melius
219 1072 257 1115 ac
277 1054 387 1118 verius
409 1055 545 1116 tortasse
567 1055 689 1116 dictum
714 1053 825 1114 credes
849 1070 909 1132 pro
936 1053 1038 1131 gratia
1063 1054 1158 1114 certo
1178 1070 1216 1114 ae

79 1152 220 1215 fideliter
241 1154 442 1234 praestanda.
467 1151 621 1219 Ceterum
640 1159 720 1234 puto
744 1151 882 1232 qratiam
906 1161 935 1213 et
957 1150 1118 1214 ceritatem
1142 1170 1218 1232 pro·
1257 1184 1259 1188 ⁴

77 1253 149 1334 prie
169 1254 282 1316 vocari
302 1273 386 1333 quae
400 1254 550 1335 superius
565 1252 633 1316 cite
648 1263 677 1315 et
690 1255 748 1314 166
763 1254 916 1316 translate
930 1258 1102 1328 vocantur,
1120 1266 1218 1332 quae·
1260 1282 1261 1288 ¹

82 1373 147 1434 que
169 1373 188 1430 a
208 1353 312 1417 Paulo
333 1353 458 1417 iustitie
480 1363 508 1416 et
533 1356 607 1435 fides
632 1356 709 1417 item
734 1355 865 1436 proprie
876 1375 887 1434 3
915 1355 1003 1434 quod
1028 1356 1217 1435 comprobat
1250 1381 1252 1384 ’

81 1456 240 1536 oppositio
261 1474 337 1518 cum
357 1457 420 1534 tege
440 1454 560 1534 Moysis
581 1476 612 1519 6.
635 1454 686 1532 11,
709 1457 762 1518 cni
782 1457 847 1536 legi
861 1454 984 1518 Paulus
999 1474 1131 1535 quoque
1146 1463 1216 1518 tum

80 1555 218 1636 gretiam
228 1564 257 1618 et
269 1555 430 1618 ceritatem
443 1565 512 1620 tum
526 1555 682 1620 iustitiam
697 1567 725 1619 et
737 1559 828 1638 fidem
843 1559 976 1637 opponit
990 1577 1088 1636 quam
1102 1559 1222 1638 saepis·

80 1657 160 1719 sime
181 1659 214 1718 in
232 1657 387 1738 epistolis,
400 1659 591 1739 praesertim
600 1658 640 1720 ad
653 1657 816 1721 Romanos
828 1665 860 1721 61
874 1659 915 1720 66
927 1656 1058 1720 Galatas
1078 1659 1216 1740 scriptis.

159 1776 190 1842 6.
212 1755 263 1821 15.
288 1755 389 1820 Testis
410 1760 559 1838 superius
581 1779 612 1823 6.
630 1757 650 1823 6
673 1761 829 1822 nominati
844 1761 945 1823 verba
971 1759 1167 1836 afferuntur,
1183 1767 1221 1822 ut

81 1857 278 1936 evangelista
299 1859 517 1921 testimonium
537 1859 700 1939 Baptistae
721 1879 781 1922 suo
795 1860 894 1940 ipsius
912 1860 1094 1921 testimonio
1108 1855 1218 1941 addat3

82 1964 159 2021 sunt
179 1958 264 2018 enim
285 1960 378 2038 quasi
400 1959 579 2051 παρενθετα,
596 1979 698 2038 quum
720 1979 833 2023 versus
846 1956 887 2023 16
905 1960 1074 2022 manifesto
1089 1961 1222 2022 coniun-

83 2069 180 2142 gatur
201 2064 311 2126 versui
330 2060 380 2128 11.
404 2063 521 2128 Sensus
544 2085 622 2145 ergo
643 2065 806 2146 Baptistae
827 2070 886 2141 est,
912 2061 1051 2136 Verbum,
1068 2065 1155 2142 quod
1170 2084 1223 2126 ca·
1245 2120 1247 2125 .

81 2185 119 2226 ro
139 2167 258 2246 fectum
279 2174 334 2238 est,
349 2174 378 2227 et
391 2165 546 2230 habitavit
559 2167 595 2229 io
609 2166 711 2241 aedis,
730 2187 799 2229 csse
814 2166 896 2228 illud
912 2166 999 2244 quod
1013 2164 1050 2227 ic
1059 2164 1221 2247 principio

82 2275 161 2329 eret.
186 2264 281 2329 Certe
301 2264 476 2368 ἔμπροσθεν
496 2291 675 2350 numquam
696 2271 735 2332 de
757 2271 910 2349 dignitate
935 2268 990 2330 661
1014 2268 1220 2348 auctoritate,
1264 2315 1266 2320 ,

85 2371 141 2434 sed
163 2373 217 2434 vel
238 2374 276 2435 de
297 2375 371 2438 1666
392 2378 446 2440 661
467 2378 506 2440 66
528 2384 675 2457 ternpore¹
695 2375 827 2454 dicitur3
849 2374 881 2434 iu
894 2373 1065 2453 scripturis
1079 2375 1223 2454 pierum-

85 2493 150 2554 que
165 2474 204 2537 de
219 2482 375 2556 tempore.
393 2476 430 2539 Iu
451 2480 606 2541 hocloco
627 2477 833 2540 manifestum
854 2480 903 2536 est
923 2475 1045 2536 dictum
1069 2493 1133 2536 uon
1154 2494 1223 2539 esse

86 2576 126 2637 66
145 2576 219 2638 1666
230 2597 241 2654 3
264 2595 342 2656 ergo
364 2579 402 2642 66
424 2586 568 2661 tempore
579 2601 590 2659 3
614 2579 702 2658 quod
724 2578 862 2640 efficitur
886 2576 983 2637 etiam
1009 2593 1051 2636 ex
1076 2577 1222 2656 opposita

86 2695 166 2739 6666
181 2672 291 2756 eecce,
308 2697 392 2756 6666
412 2681 489 2742 item
512 2687 637 2762 tempus
651 2681 702 2742 hic
717 2678 883 2759 significat.
902 2675 983 2738 item
998 2675 1168 2738 dicendum
1183 2679 1222 2742 66

85 2781 144 2844 illo
164 2803 296 2877 πρωτος,
318 2785 405 2862 6666
424 2785 524 2848 latine
545 2805 676 2849 versum
695 2791 744 2847 est
758 2781 863 2864 prior,
880 2782 1104 2858 rationemque
1123 2782 1224 2843 conti-

86 2894 142 2951 net
160 2884 327 2978 1111661616
350 2889 448 2961 oete,
463 2898 495 2954 et
515 2881 594 2955 alias
609 2912 740 2973 666666
755 2912 773 2955 6
788 2891 906 2954 166666
921 2890 960 2950 66
976 2895 1121 2969 tempore
1147 2886 1225 2948 dici-

86 2996 141 3052 tur
155 2988 182 3067 I,
196 2987 249 3071 415
264 2991 305 3069 V,
320 2913 352 3073 1,
367 2992 458 3072 VIII,
472 2994 503 3074 '73
516 2994 588 3070 XX,
604 2992 633 3059 lt.
648 2993 678 3074 83
692 2993 706 3055 I
718 2991 887 3068 10.1V‚t9.
897 2991 1016 3055 Confer
1026 2989 1073 3054 Io.
1087 2989 1158 3067 XV,
1171 2987 1221 3054 182

84 3089 166 3155 Saue
182 3093 296 3173 frigide
310 3102 343 3158 et
355 3095 552 3188 ταυτολογως
565 3097 677 3157 ambae
692 3114 786 3157 voces
808 3092 984 3194 ἔμπροσθεν
998 3090 1224 3192 616666661-

84 3200 237 3280 gnitatem
250 3202 304 3264 661
317 3205 545 3267 auctoritatem
564 3208 725 3265 sonarent.
738 3237 779 3246 -
789 3202 853 3265 Pro
867 3205 971 3284 sectus
989 3211 1033 3263 cst
1047 3219 1161 3280 graece
1177 3206 1225 3261 est

85 3319 219 3394 peperat,
230 3304 318 3382 quod
334 3306 430 3366 etiam
443 3313 538 3367 uetes
548 3314 592 3367 est
605 3306 689 3368 verti
703 3311 818 3386 potest.
829 3339 869 3350 -
879 3302 1064 3367 Testimonii
1074 3302 1140 3365 vim
1154 3319 1224 3363 sen·-

82 3406 141 3468 ties
155 3408 182 3468 si
202 3407 384 3492 memineris
400 3404 564 3468 Christum
577 3410 691 3468 natum
704 3424 772 3468 esse
786 3425 845 3467 sex
865 3405 1026 3466 mensibus
1041 3409 1114 3483 post
1133 3400 1226 3464 Ioan-

82 3525 219 3571 nem.-
236 3508 465 3571 Animadverte
495 3524 678 3569 connexum
709 3505 827 3568 inverti
846 3523 939 3585 posse
960 3504 1052 3566 nulle
1077 3503 1224 3565 veritatis

81 3609 211 3688 reique,
235 3628 320 3689 6666
330 3608 522 3684 affirmatur,
539 3608 703 3688 dispendio
725 3611 783 3669 aut
803 3606 1006 3666 detrimento.
1018 3600 1223 3665 -Ceterum

82 3706 122 3770 de
143 3711 205 3771 hoc
219 3709 325 3787 66666
339 3709 455 3771 ceteris
478 3708 677 3785 testimoniis,
692 3726 775 3786 quae
797 3704 940 3785 Baptista
962 3701 1091 3766 Chr1sto
1113 3703 1221 3779 dedit,

80 3811 195 3888 paullo
216 3811 351 3876 iuferius
373 3811 527 3872 dicemus.
568 3850 570 3857 ,
1145 3818 1146 3822 ’

154 3909 355 3976 661617.
382 3908 432 3976 18.
461 3909 569 3974 Verba
603 3916 679 3972 suut
713 3909 939 3988 evangelistae.
967 3906 1110 3987 Baptista
1140 3905 1224 3968 enim

83 4012 191 4077 dicere
212 4033 276 4077 non
296 4013 405 4093 potuit
425 4011 619 4092 occepimus,
639 4030 745 4091 neque
766 4009 869 4074 Iesum
897 4007 1053 4073 Christum
1077 4012 1225 4073 vocasset
