2986 4912
273 310 313 375 86
612 325 641 371 ru
665 323 801 371 toruusu
824 322 1073 370 coruuurmrvu

388 411 438 490 16
465 416 666 512 Respondit
694 415 746 488 eis
775 414 890 499 lesus,
919 428 958 487 ct
984 414 1097 486 dixit:
1132 412 1212 487 Mea
1247 414 1414 488 doctrina

284 570 356 620 non
384 558 441 618 est
469 567 564 629 mea,
592 543 656 617 sed
684 544 777 624 eius,
805 543 868 640 qni
895 543 996 616 misit
1022 566 1095 616 me.

391 666 439 745 17
469 671 506 744 Si
534 671 615 768 quis
642 671 798 743 voluerit
826 671 1052 744 voluntatem
1080 671 1159 744 eins
1187 670 1328 745 facere:
1349 692 1417 744 co-

283 815 432 898 gnoscet
458 800 503 872 de
530 799 707 884 doctrina,
728 811 851 873 utrum
871 824 916 872 ex
946 798 1023 872 Deo
1050 800 1112 885 sit,
1136 823 1182 872 an
1210 821 1277 895 ego
1304 822 1325 872 a
1354 822 1416 872 me

285 931 365 1026 ipso
383 928 523 1024 loquar.

391 1049 441 1128 18
468 1052 538 1144 Qui
566 1079 586 1126 a
615 1054 813 1151 semetipso
842 1054 1016 1150 loquitur,
1046 1053 1197 1150 gloriam
1229 1053 1416 1151 propriam

283 1184 438 1282 quaerit.
468 1182 530 1277 qui
559 1194 683 1254 autem
711 1182 854 1276 quaerit
895 1181 1049 1276 gloriam
1090 1181 1194 1266 eius,
1222 1182 1284 1277 qui
1317 1181 1420 1254 misit

285 1335 382 1396 cum,
412 1311 472 1382 hic
499 1332 611 1383 verax
639 1322 710 1394 est,
738 1322 777 1381 et
804 1309 982 1383 iniustitia
1012 1309 1049 1380 in
1077 1307 1138 1381 ilio
1166 1332 1238 1382 non
1266 1322 1336 1382 est.

394 1432 443 1511 19
471 1436 595 1510 Nonne
624 1435 768 1532 Moyses
797 1436 896 1509 dedit
937 1436 1040 1509 vobis
1068 1435 1212 1532 legem:
1243 1450 1281 1510 et
1308 1460 1419 1510 nemo

286 1592 333 1639 ex
361 1564 465 1639 vobis
493 1564 581 1638 facit
608 1559 758 1660 legem?

391 1687 443 1766 20
471 1689 564 1781 Quid
591 1714 650 1764 me
678 1690 853 1789 quaeritis
881 1689 1112 1766 interficere?
1131 1691 1332 1788 Respondit
1348 1708 1423 1765 tur-

287 1823 347 1909 ha,
376 1837 414 1895 et
441 1822 552 1895 dixit:
581 1819 821 1894 Daemonium
849 1819 987 1893 habes:
1016 1820 1097 1918 quis
1125 1833 1161 1892 to
1190 1819 1332 1917 quaerit
1360 1820 1422 1892 in-

293 1946 490 2025 terficerei

393 2071 441 2151 21
474 2077 676 2174 Respondit
704 2077 818 2160 lesuS,
847 2089 885 2149 et
911 2075 1005 2150 dixit
1033 2074 1234 2151 eist'Vnum
1261 2099 1353 2172 opus
1368 2075 1425 2149 fe-

290 2206 336 2291 ci,
365 2219 403 2279 et
431 2228 557 2278 omues
585 2203 788 2277 miramini:

395 2328 449 2405 22
476 2331 675 2428 Propterea
694 2329 837 2427 Moyses
855 2330 956 2405 dedit
971 2331 1073 2404 vobis
1093 2331 1424 2406 circumcisionem:

292 2460 387 2558 (non
414 2461 499 2557 quia
527 2485 574 2534 ex
593 2457 716 2556 Moyse
745 2472 819 2546 est,
840 2460 904 2533 sed
933 2484 979 2533 ex
1006 2458 1198 2559 patribus)
1220 2474 1258 2535 et
1276 2461 1313 2533 in
1341 2461 1427 2536 sah-

291 2588 378 2661 bato
406 2587 664 2660 circumciditis
692 2587 892 2660 homiuem.

399 2707 451 2786 23
480 2713 517 2786 Si
545 2715 857 2787 circumcisionem
885 2712 1016 2810 accipit
1042 2712 1153 2787 homo
1180 2714 1217 2786 in
1250 2713 1426 2798 sabbato,

293 2856 335 2915 nt
363 2865 434 2914 non
462 2840 626 2914 solvatur
652 2841 713 2913 lex
734 2838 865 2936 Moysi:
886 2840 975 2912 mihi
1003 2840 1237 2937 indignamini
1265 2845 1350 2938 quia
1369 2855 1428 2916 to·

293 2984 373 3043 tum
402 2969 586 3041 hominem
616 2991 744 3041 sanum
773 2967 841 3041 feci
870 2969 907 3039 in
936 2966 1121 3041 sabbato?

400 3089 453 3169 at
480 3095 599 3171 Nolite
627 3096 785 3171 iudicare
815 3095 1014 3169 secuudum
1043 3096 1186 3183 faeiem,
1206 3097 1270 3171 sed
1288 3098 1427 3172 iustum

296 3223 469 3299 iudicium
497 3224 666 3298 iudicate.

403 3345 455 3424 25
483 3350 661 3425 Dicebant
689 3374 774 3448 ergo
801 3352 947 3449 quidam
976 3377 1022 3427 ex
1050 3351 1298 3450 lerosolymis:
1328 3352 1430 3429 Nou·

300 3504 345 3554 ne
374 3479 433 3553 hic
462 3492 532 3566 cst,
561 3503 670 3577 quem
699 3492 878 3576 quaerunt
906 3478 1141 3554 interficere?

403 3602 456 3682 26
484 3606 533 3682 Et
560 3631 644 3681 ecce
673 3607 793 3704 palam
823 3608 1004 3705 loquitur,
1034 3621 1072 3683 et
1100 3608 1190 3682 nihil
1222 3609 1256 3682 ei
1292 3608 1432 3684 dicunt.

297 3734 481 3833 Numquid
508 3760 594 3811 vere
637 3751 886 3831 coguoverunt
927 3737 1108 3835 principes
1149 3739 1234 3834 quia
1275 3738 1335 3812 hic
1378 3751 1435 3812 est

303 3863 503 3941 Christus?

407 3987 459 4068 27
489 3990 560 4067 Sed
587 3993 684 4068 hunc
713 3994 847 4069 scimus
886 3995 980 4069 unde
1009 3996 1079 4070 sit:
1114 3994 1283 4072 Christus
1310 4009 1436 4072 autem

303 4121 570 4211 cumvenerit,
598 4145 707 4198 nemo
736 4124 805 4199 scit
833 4124 927 4201 uude
956 4123 1016 4199 sit.
