2986 4912
169 295 230 362 156
487 313 517 361 m
540 311 677 361 sommo
701 310 949 362 oonnnsrmrvn

168 421 269 500 patris
288 417 482 480 mandatum.
506 416 568 483 Sod
588 420 689 500 patris
709 419 895 482 mandatum
914 418 983 482 vito
1007 425 1133 484 aeterna
1153 428 1208 484 est.
1237 419 1302 498 Qut

169 537 248 598 ergo
263 515 382 582 Christi
395 518 488 580 verda
500 536 564 582 non
578 519 750 601 accipiunt,
765 520 828 583 hoo
841 519 911 601 ipso
924 525 1057 583 aeterno
1071 520 1137 585 vita
1152 528 1301 607 exsortes

167 638 237 685 sese
258 619 388 683 faciunt.
410 617 460 682 En
480 638 545 700 qna
566 621 690 684 ratione
711 619 831 686 Christi
844 639 942 684 sermo
962 608 1070 686 dehis
1090 621 1224 687 iudicet.
1243 622 1303 687 Po-

167 727 288 784 strema
307 721 462 785 sententia
482 721 665 804 complexio
686 728 756 801 est,
778 741 843 787 non
872 724 1047 788 sententiae
1077 724 1229 805 proxime
1251 743 1304 788 su-

169 821 328 904 perioris,
349 821 404 886 sed
426 840 543 886 eorum
563 841 647 902 quae
667 824 794 887 suntin
814 843 844 887 v.
865 821 916 891 lt.
938 856 943 865 ·

560 1073 911 1122 ww

527 1355 732 1403 clnvr
788 1354 928 1403 {1111

287 1687 304 1768 1
339 1609 470 1769 Ante
500 1690 597 1768 diem
624 1691 759 1768 festum
778 1689 953 1781 Paschae,
971 1692 1088 1767 sciens
1106 1690 1209 1768 lesus
1229 1691 1314 1791 quin

177 1823 278 1897 vonit
303 1820 393 1896 hora
419 1821 497 1895 eius
524 1831 566 1894 ut
584 1831 748 1895 transeat
765 1843 812 1893 ex
825 1819 895 1894 hoo
921 1819 1056 1893 mundo
1079 1819 1124 1893 ad
1138 1816 1312 1894 Patrem:

177 1975 261 2026 enm
279 1949 466 2026 dilexisset
484 1971 582 2036 snos,
601 1949 664 2047 qni
686 1960 790 2024 erant
803 1948 840 2022 in
858 1948 1006 2036 mundo,
1025 1947 1062 2021 in
1089 1946 1199 2024 finem
1224 1945 1315 2023 dile·

177 2080 233 2154 xit
260 2103 335 2155 eos.

282 2201 308 2281 2
336 2203 385 2281 Et
407 2227 518 2280 coena
545 2203 660 2291 faeta,
688 2227 771 2278 oum
798 2200 964 2278 diabolus
990 2200 1063 2276 iam
1089 2200 1314 2313 misissetin

179 2358 240 2408 oor
267 2347 308 2409 nt
334 2331 495 2408 traderet
508 2353 597 2413 ,eum
623 2329 730 2406 ludas
748 2328 905 2404 Simonis
932 2328 1148 2404 lsonriotaet

285 2452 310 2535 3
338 2458 455 2534 sciens
473 2459 557 2556 qnia
575 2457 695 2532 omnia
722 2457 820 2532 dedit
834 2457 868 2534 ei
895 2455 1005 2533 Pater
1031 2456 1069 2531 in
1097 2478 1254 2546 manus,
1281 2467 1316 2531 et

180 2585 264 2685 quin
292 2584 409 2661 nDeo
423 2585 554 2673 exivit,
581 2586 692 2661 etad
719 2584 835 2661 Deum
855 2584 970 2661 vadit:

288 2706 314 2787 lt
340 2713 455 2811 surgit
474 2736 636 2800 aooenn,
663 2725 701 2788 et
715 2713 817 2810 ponit
832 2713 1049 2789 vestimenta
1067 2735 1148 2787 sun:
1169 2724 1208 2787 et
1237 2733 1319 2787 oum

182 2840 384 2940 eeeepisset
410 2842 577 2928 linteum,
605 2843 810 2940 praecinxit
837 2865 889 2916 se.
1130 2938 1133 2943 ¹

288 2963 314 3046 5
342 2968 479 3045 Deinde
494 2970 608 3046 mittit
627 2993 760 3069 aquom
775 2970 812 3042 in
827 2969 976 3067 pelvim,
995 2981 1034 3044 ot
1048 2969 1169 3068 eoepit
1197 2967 1320 3046 lavare

187 3097 297 3195 pedes
324 3096 594 3197 discipulorum,
622 3112 661 3174 et
675 3113 865 3196 extergere
881 3096 1008 3186 linteo,
1024 3121 1095 3197 quo
1118 3110 1199 3173 erat
1217 3120 1322 3198 prae·

187 3225 340 3300 elnotus.

293 3346 318 3427 6
346 3351 453 3430 Venit
480 3376 565 3453 ergo
593 3353 639 3428 ad
658 3352 842 3428 Simonem
856 3350 1019 3430 Petrum.
1035 3350 1083 3428 Et
1096 3351 1184 3428 dicit
1202 3355 1240 3428 ei
1256 3350 1324 3427 Pe·

189 3495 280 3558 trus:
307 3466 474 3566 Domine,
505 3497 543 3556 tu
569 3482 658 3557 mihi
686 3482 786 3559 laves
813 3479 952 3581 pedes?

296 3605 321 3684 7
349 3609 550 3709 Respondit
577 3611 706 3699 lesus,
734 3625 772 3687 et
798 3611 890 3686 dixit
918 3611 964 3686 ei:
992 3607 1097 3701 Quod
1124 3632 1191 3708 ego
1219 3609 1326 3695 facio,

192 3752 233 3815 tu
260 3739 379 3815 neseis
405 3738 526 3825 modo,
555 3740 647 3815 scies
675 3752 799 3814 autem
826 3751 966 3838 postea.

191 3930 194 3937 .
299 3860 325 3940 8
352 3865 447 3941 Dicit
474 3866 507 3940 ei
526 3865 672 3944 Petrus:
692 3865 770 3943 Non
793 3866 932 3944 lavabis
954 3867 1044 3942 mihi
1058 3866 1221 3966 pedesin
1237 3881 1329 3943 oter

192 4018 296 4070 num.
312 3993 514 4092 Respondit
541 3998 573 4071 ei
602 3999 715 4073 lesus:
744 3996 782 4072 si
797 4021 868 4073 non
882 3996 1005 4074 lavero
1020 4009 1070 4084 te,
1090 4018 1162 4070 non
1180 3994 1327 4072 habebis

195 4135 339 4221 partem
366 4145 523 4201 mecum.
1189 4143 1192 4150 ’
