2986 4912
532 340 635 389 cervi
658 342 798 389 urcium
819 340 964 399 occursu
1258 316 1318 385 185

261 447 292 490 v.
314 425 365 492 21.
388 425 429 490 Se
449 435 559 492 autem
579 434 612 493 et
631 441 758 512 patrem
788 450 890 494 unum
910 448 980 493 esse
1000 427 1149 493 Christus
1175 443 1238 488 nou
1258 423 1315 486 do·

181 529 250 596 cult
268 529 486 609 solummodo,
508 530 564 594 sed
585 533 808 612 compluribus
821 532 918 612 signis
932 531 1024 615 editis
1038 526 1270 592 demonstravit
1283 531 1316 588 et

180 629 395 694 confirmavit.
419 629 452 695 Si
474 632 556 694 baec
576 631 625 693 illi
645 632 733 711 signa
758 632 846 695 baud
866 632 1040 708 vidissent,
1066 637 1231 710 peccatum
1250 645 1316 688 ooo

180 728 328 792 tacerem
339 751 356 804 ;
379 738 429 794 ast
449 732 623 808 viderunt,
647 738 826 810 ettamen,
848 733 969 796 nedum
990 730 1118 796 Christo
1144 735 1317 811 propterca

177 830 370 909 crederent,
406 833 513 914 ipsum
536 831 701 897 Christum
722 841 775 910 ct,
799 834 887 914 quod
908 840 957 897 cst
977 851 1197 913 consequens,
1219 831 1319 911 ipsius

176 930 297 998 Christi
318 940 450 1013 patrem
472 934 579 999 Deum
601 935 751 999 oderunt.
774 936 876 1017 Ergo,
898 945 937 998 ut
957 936 1079 998 dictum
1100 942 1167 1010 est,
1191 951 1320 993 carcosa-

177 1030 296 1096 tioocm
314 1051 379 1096 ooo
401 1036 513 1099 babent
533 1037 569 1096 dc
583 1044 713 1116 peccato
733 1055 798 1097 cuo.
1147 1086 1150 1091 .

255 1154 288 1198 v.
309 1132 361 1200 25.
386 1135 449 1200 Sed
475 1138 560 1200 enim
581 1139 642 1201 bac
664 1157 699 1200 rc
720 1138 752 1198 id
775 1138 898 1200 faciunt
923 1141 963 1200 ut
992 1135 1165 1199 oraculum
1186 1134 1320 1214 implea-

178 1242 245 1312 tur,
269 1255 335 1317 quo
356 1238 439 1302 baec
454 1240 522 1319 ipsa
538 1258 589 1302 res
606 1240 715 1303 luerat
734 1239 970 1320 praenuntiata.
986 1237 1058 1302 Hoc
1078 1237 1251 1299 oraculum
1269 1226 1317 1297 le·

174 1337 264 1417 gitur
284 1337 318 1400 in
339 1339 391 1402 Ps.
411 1338 561 1417 XXXIV,
578 1338 630 1421 193
646 1339 795 1417 LXVIII,
810 1338 840 1404 5.
856 1340 1033 1404 -Notum
1053 1344 1163 1402 autem
1176 1342 1226 1400 cst
1238 1336 1316 1415 lepis

175 1438 306 1503 nomine
325 1459 390 1503 nou
411 1459 509 1503 uuam
530 1440 806 1519 Pentateucbum,
828 1442 885 1504 sed
906 1458 1147 1523 quemcumque
1173 1438 1313 1518 scriptu-

174 1557 291 1603 rarum
311 1560 480 1606 sacrarum
493 1543 616 1607 librum
630 1544 798 1624 designare
820 1542 957 1607 ludaeos
976 1544 1088 1607 solitos
1102 1542 1212 1605 luisse.
1229 1537 1313 1603 Con·

175 1639 228 1703 ier
248 1639 295 1703 lo.
319 1641 361 1718 X,
376 1640 429 1722 343
444 1642 519 1720 XII,
541 1638 593 1724 343
609 1642 624 1705 l
639 1641 715 1707 Cor.
738 1640 827 1720 XlV,
842 1642 893 1707 21.
906 1678 946 1688 -
959 1639 1081 1715 Gratis,
1102 1642 1169 1704 sine
1183 1659 1307 1704 caussa.

253 1759 307 1807 vv.
328 1740 379 1808 26.
401 1741 453 1807 27.
475 1743 629 1808 Ceterum
651 1764 787 1821 eorum,
811 1762 895 1824 quac
916 1744 955 1807 de
976 1763 1010 1806 se
1031 1741 1178 1807 Christus
1200 1741 1311 1803 docuit

173 1841 336 1921 signisque
356 1844 449 1907 editis
463 1844 678 1920 confirmavit,
695 1849 791 1906 testes
804 1843 864 1906 sibi
877 1842 966 1904 baud
979 1842 1164 1917 delaturos,
1180 1841 1236 1921 qui
1251 1843 1311 1904 bo·

174 1944 298 2009 minum
319 1946 349 2015 el
369 1946 465 2010 fidem
496 1947 745 2010 detrectantium
766 1945 982 2026 pervicaciam
1007 1943 1192 2019 reviscant,
1217 1944 1309 2005 nimi-

172 2062 249 2108 rum
270 2043 427 2128 Spiritum
447 2054 594 2111 sanctum
613 2049 765 2128 ipsosque
786 2047 983 2128 discipulos,
1007 2063 1088 2124 quos
1113 2062 1241 2125 semper
1259 2063 1310 2107 se-

172 2134 249 2207 cum
269 2148 393 2214 babuit.
405 2181 446 2194 —
461 2147 704 2230 Comparaudus
726 2156 775 2212 cst
795 2169 910 2213 versus
930 2146 972 2214 26
991 2167 1067 2212 cum
1081 2145 1129 2209 lo.
1145 2144 1234 2223 XIV,
1255 2143 1306 2210 16.

172 2241 224 2308 17.
245 2243 298 2323 26,
320 2265 362 2309 ex
383 2266 448 2327 qua
469 2250 643 2316 collatione
663 2249 832 2312 manifeste
853 2247 993 2312 efficitur
1013 2245 1143 2311 Christo
1163 2243 1309 2308 camdem

172 2354 212 2407 ac
226 2347 311 2426 patri
325 2354 516 2427 potestatem
530 2368 599 2413 esse
613 2349 757 2412 mittendi
778 2346 935 2430 Spiritum
954 2352 1161 2412 sanctum—
1171 2343 1207 2407 ln
1221 2365 1253 2410 v.
1269 2342 1311 2409 27

174 2445 341 2528 discipulis
363 2451 559 2534 martyrium
580 2450 665 2530 ipsos
688 2451 833 2534 facturos
857 2447 1005 2513 Christus
1027 2447 1194 2529 praedicit.

561 2680 915 2726 ww-

555 3069 761 3117 cccvi·
816 3068 928 3117 XVI

194 3421 196 3426 ·
282 3379 298 3459 i
334 3305 467 3464 Haec
492 3389 636 3463 locutus
663 3411 744 3463 sum
763 3387 880 3476 vobis,
896 3400 1023 3462 utnon
1044 3386 1312 3462 scandalizemi-

169 3513 219 3586 ni.

284 3643 311 3720 2
340 3644 485 3743 Absque
505 3644 697 3741 synagogis
726 3644 862 3718 facient
888 3666 967 3718 vos:
1000 3644 1063 3719 sed
1082 3615 1182 3718 venit
1209 3643 1314 3726 hora,

169 3786 211 3848 ut
238 3773 370 3856 omnis,
389 3773 451 3870 qui
483 3770 656 3852 interficit
688 3793 774 3856 vos,
802 3771 1002 3847 arbitretur
1031 3770 1255 3868 obsequium
1274 3793 1313 3842 se

169 3913 357 3999 praestare
377 3899 467 3972 Deo.
1224 3882 1227 3887 ⁴

279 4019 303 4101 3
331 4024 379 4098 Et
407 4025 498 4100 haec
526 4025 660 4102 sacient
680 4025 796 4113 vobis,
828 4026 911 4125 quia
942 4049 1014 4101 non
1035 4035 1214 4099 noverunt
1247 4019 1316 4093 Pa·

174 4166 284 4238 trem,
308 4178 424 4252 neque
454 4177 524 4228 me.
1247 4169 1250 4175 '
