<?xml version="1.0" encoding="UTF-8"?>
<!DOCTYPE html PUBLIC "-//W3C//DTD XHTML 1.0 Transitional//EN"
    "http://www.w3.org/TR/xhtml1/DTD/xhtml1-transitional.dtd">
<html xmlns="http://www.w3.org/1999/xhtml" xml:lang="en" lang="en">
 <head>
  <title>
</title>
<meta http-equiv="Content-Type" content="text/html;charset=utf-8" />
  <meta name='ocr-system' content='tesseract 3.04.00' />
  <meta name='ocr-capabilities' content='ocr_page ocr_carea ocr_par ocr_line ocrx_word'/>
</head>
<body>
  <div class='ocr_page' id='page_1' title='image "./franciscixaveri00patrgoog_0092.png"; bbox 0 0 2986 4912; ppageno 0'>
   <div class='ocr_carea' id='block_1_1' title="bbox 170 302 1306 4235">
    <p class='ocr_par' dir='ltr' id='par_1_1' title="bbox 171 302 1305 790">
     <span class='ocr_line' id='line_1_1' title="bbox 611 302 1304 367; baseline -0.012 -1"><span class='ocrx_word' id='word_1_1' title='bbox 611 317 713 367; x_wconf 73' lang='lat' dir='ltr'><strong>clevi*</strong></span> <span class='ocrx_word' id='word_1_2' title='bbox 735 316 863 366; x_wconf 77' lang='lat' dir='ltr'><strong>snxrvu</strong></span> <span class='ocrx_word' id='word_1_3' title='bbox 1265 302 1304 367; x_wconf 77' lang='grc'><strong>77</strong></span> 
     </span>
     <span class='ocr_line' id='line_1_2' title="bbox 171 399 1304 486; baseline -0.002 -19"><span class='ocrx_word' id='word_1_4' title='bbox 171 403 328 486; x_wconf 88' lang='lat' dir='ltr'><strong>perhanc</strong></span> <span class='ocrx_word' id='word_1_5' title='bbox 343 404 479 484; x_wconf 79' lang='lat' dir='ltr'>gratiam</span> <span class='ocrx_word' id='word_1_6' title='bbox 494 408 601 481; x_wconf 86' lang='lat' dir='ltr'><strong>vocat,</strong></span> <span class='ocrx_word' id='word_1_7' title='bbox 617 404 674 466; x_wconf 91' lang='lat' dir='ltr'><strong>illc</strong></span> <span class='ocrx_word' id='word_1_8' title='bbox 688 400 793 479; x_wconf 81' lang='lat' dir='ltr'><strong>discit,</strong></span> <span class='ocrx_word' id='word_1_9' title='bbox 810 401 867 481; x_wconf 95' lang='lat' dir='ltr'><strong>qui</strong></span> <span class='ocrx_word' id='word_1_10' title='bbox 881 418 962 466; x_wconf 85' lang='lat' dir='ltr'><strong>voco</strong></span> <span class='ocrx_word' id='word_1_11' title='bbox 975 399 1035 464; x_wconf 89' lang='lat' dir='ltr'><strong>Dei</strong></span> <span class='ocrx_word' id='word_1_12' title='bbox 1049 402 1159 466; x_wconf 89' lang='lat' dir='ltr'><strong>audita</strong></span> <span class='ocrx_word' id='word_1_13' title='bbox 1179 403 1304 466; x_wconf 90' lang='lat' dir='ltr'><strong>obtem·</strong></span> 
     </span>
     <span class='ocr_line' id='line_1_3' title="bbox 174 500 1302 586; baseline 0 -18"><span class='ocrx_word' id='word_1_14' title='bbox 174 511 278 586; x_wconf 90' lang='lat' dir='ltr'><strong>perat.</strong></span> <span class='ocrx_word' id='word_1_15' title='bbox 309 503 494 583; x_wconf 88' lang='lat' dir='ltr'><strong>Vtrumque</strong></span> <span class='ocrx_word' id='word_1_16' title='bbox 519 504 713 583; x_wconf 76' lang='lat' dir='ltr'><strong>requiritur,</strong></span> <span class='ocrx_word' id='word_1_17' title='bbox 741 501 796 565; x_wconf 86' lang='lat' dir='ltr'><strong>sed</strong></span> <span class='ocrx_word' id='word_1_18' title='bbox 820 507 999 581; x_wconf 90' lang='lat' dir='ltr'><strong>utrumque</strong></span> <span class='ocrx_word' id='word_1_19' title='bbox 1019 500 1079 566; x_wconf 87' lang='lat' dir='ltr'><strong>Dei</strong></span> <span class='ocrx_word' id='word_1_20' title='bbox 1100 503 1220 567; x_wconf 93' lang='lat' dir='ltr'><strong>donum</strong></span> <span class='ocrx_word' id='word_1_21' title='bbox 1241 511 1302 582; x_wconf 86' lang='lat' dir='ltr'><strong>est,</strong></span> 
     </span>
     <span class='ocr_line' id='line_1_4' title="bbox 173 604 1305 688; baseline 0.001 -19"><span class='ocrx_word' id='word_1_22' title='bbox 173 608 296 688; x_wconf 88' lang='lat' dir='ltr'><strong>quippe</strong></span> <span class='ocrx_word' id='word_1_23' title='bbox 323 607 379 686; x_wconf 90' lang='lat' dir='ltr'><strong>qui</strong></span> <span class='ocrx_word' id='word_1_24' title='bbox 406 606 525 679; x_wconf 85' lang='lat' dir='ltr'><strong>trahat,</strong></span> <span class='ocrx_word' id='word_1_25' title='bbox 553 607 616 668; x_wconf 94' lang='lat' dir='ltr'><strong>hoc</strong></span> <span class='ocrx_word' id='word_1_26' title='bbox 643 611 703 683; x_wconf 92' lang='lat' dir='ltr'><strong>est,</strong></span> <span class='ocrx_word' id='word_1_27' title='bbox 728 610 908 684; x_wconf 91' lang='lat' dir='ltr'><strong>utrumque</strong></span> <span class='ocrx_word' id='word_1_28' title='bbox 929 604 1057 682; x_wconf 90' lang='lat' dir='ltr'><strong>efficiat,</strong></span> <span class='ocrx_word' id='word_1_29' title='bbox 1079 611 1117 668; x_wconf 93' lang='lat' dir='ltr'><strong>ut</strong></span> <span class='ocrx_word' id='word_1_30' title='bbox 1137 604 1305 670; x_wconf 81' lang='lat' dir='ltr'><strong>audiamus</strong></span> 
     </span>
     <span class='ocr_line' id='line_1_5' title="bbox 173 706 1300 790; baseline -0.002 -16"><span class='ocrx_word' id='word_1_31' title='bbox 173 716 277 790; x_wconf 86' lang='lat' dir='ltr'><strong>utque</strong></span> <span class='ocrx_word' id='word_1_32' title='bbox 292 708 457 771; x_wconf 80' lang='lat' dir='ltr'><strong>discamus.</strong></span> <span class='ocrx_word' id='word_1_33' title='bbox 480 707 545 784; x_wconf 86' lang='lat' dir='ltr'><strong>Qui</strong></span> <span class='ocrx_word' id='word_1_34' title='bbox 559 707 697 770; x_wconf 80' lang='lat' dir='ltr'><strong>audiunt</strong></span> <span class='ocrx_word' id='word_1_35' title='bbox 715 713 747 770; x_wconf 91' lang='lat' dir='ltr'><strong>et</strong></span> <span class='ocrx_word' id='word_1_36' title='bbox 764 706 902 780; x_wconf 77' lang='lat' dir='ltr'><strong>diseunt,</strong></span> <span class='ocrx_word' id='word_1_37' title='bbox 922 708 955 769; x_wconf 93' lang='lat' dir='ltr'><strong>hi</strong></span> <span class='ocrx_word' id='word_1_38' title='bbox 975 714 1051 770; x_wconf 90' lang='lat' dir='ltr'><strong>sunt</strong></span> <span class='ocrx_word' id='word_1_39' title='bbox 1070 707 1216 770; x_wconf 78' lang='lat' dir='ltr'><em>docibiles</em></span> <span class='ocrx_word' id='word_1_40' title='bbox 1229 709 1300 773; x_wconf 80' lang='lat' dir='ltr'><strong>Dei.</strong></span> 
     </span>
    </p>

    <p class='ocr_par' dir='ltr' id='par_1_2' title="bbox 170 806 1304 1688">
     <span class='ocr_line' id='line_1_6' title="bbox 256 806 1304 889; baseline -0.003 -13"><span class='ocrx_word' id='word_1_41' title='bbox 256 832 287 875; x_wconf 83' lang='lat' dir='ltr'><strong>v.</strong></span> <span class='ocrx_word' id='word_1_42' title='bbox 304 806 355 876; x_wconf 79' lang='lat' dir='ltr'><strong>lb.</strong></span> <span class='ocrx_word' id='word_1_43' title='bbox 372 808 527 873; x_wconf 81' lang='lat' dir='ltr'><strong>Providet</strong></span> <span class='ocrx_word' id='word_1_44' title='bbox 540 830 580 873; x_wconf 92' lang='lat' dir='ltr'><strong>ne</strong></span> <span class='ocrx_word' id='word_1_45' title='bbox 594 810 679 872; x_wconf 88' lang='lat' dir='ltr'><strong>diota</strong></span> <span class='ocrx_word' id='word_1_46' title='bbox 701 807 813 872; x_wconf 92' lang='lat' dir='ltr'><strong>ludaei</strong></span> <span class='ocrx_word' id='word_1_47' title='bbox 827 827 999 889; x_wconf 83' lang='lat' dir='ltr'><strong>perperam</strong></span> <span class='ocrx_word' id='word_1_48' title='bbox 1013 810 1203 889; x_wconf 77' lang='lat' dir='ltr'><strong>intelligant.</strong></span> <span class='ocrx_word' id='word_1_49' title='bbox 1221 808 1304 875; x_wconf 86' lang='lat' dir='ltr'><strong>Con-</strong></span> 
     </span>
     <span class='ocr_line' id='line_1_7' title="bbox 176 907 1303 990; baseline 0 -15"><span class='ocrx_word' id='word_1_50' title='bbox 176 913 226 975; x_wconf 86' lang='lat' dir='ltr'><strong>ler</strong></span> <span class='ocrx_word' id='word_1_51' title='bbox 254 910 301 974; x_wconf 86' lang='lat' dir='ltr'><strong>lo.</strong></span> <span class='ocrx_word' id='word_1_52' title='bbox 330 910 358 988; x_wconf 88' lang='grc' dir='ltr'><strong>Ι,</strong></span> <span class='ocrx_word' id='word_1_53' title='bbox 380 909 580 977; x_wconf 80' lang='lat' dir='ltr'><strong>18.-Nota</strong></span> <span class='ocrx_word' id='word_1_54' title='bbox 608 910 702 986; x_wconf 92' lang='lat' dir='ltr'><strong>illud,</strong></span> <span class='ocrx_word' id='word_1_55' title='bbox 733 910 820 990; x_wconf 94' lang='lat' dir='ltr'><strong>quod</strong></span> <span class='ocrx_word' id='word_1_56' title='bbox 846 907 992 973; x_wconf 88' lang='lat' dir='ltr'><strong>Christus</strong></span> <span class='ocrx_word' id='word_1_57' title='bbox 1013 930 1031 972; x_wconf 91' lang='lat' dir='ltr'><strong>a</strong></span> <span class='ocrx_word' id='word_1_58' title='bbox 1052 929 1086 973; x_wconf 91' lang='lat' dir='ltr'><strong>se</strong></span> <span class='ocrx_word' id='word_1_59' title='bbox 1106 930 1172 974; x_wconf 93' lang='lat' dir='ltr'><strong>uno</strong></span> <span class='ocrx_word' id='word_1_60' title='bbox 1196 910 1303 975; x_wconf 89' lang='lat' dir='ltr'><strong>Deum</strong></span> 
     </span>
     <span class='ocr_line' id='line_1_8' title="bbox 174 1011 1300 1092; baseline -0.001 -16"><span class='ocrx_word' id='word_1_61' title='bbox 174 1014 280 1076; x_wconf 84' lang='lat' dir='ltr'><strong>risum</strong></span> <span class='ocrx_word' id='word_1_62' title='bbox 301 1031 370 1075; x_wconf 87' lang='lat' dir='ltr'><strong>esse</strong></span> <span class='ocrx_word' id='word_1_63' title='bbox 394 1011 544 1089; x_wconf 88' lang='lat' dir='ltr'><strong>affirmat,</strong></span> <span class='ocrx_word' id='word_1_64' title='bbox 568 1013 728 1075; x_wconf 89' lang='lat' dir='ltr'><strong>rationem</strong></span> <span class='ocrx_word' id='word_1_65' title='bbox 752 1011 890 1087; x_wconf 88' lang='lat' dir='ltr'><strong>addens,</strong></span> <span class='ocrx_word' id='word_1_66' title='bbox 919 1013 994 1091; x_wconf 91' lang='lat' dir='ltr'><strong>quia</strong></span> <span class='ocrx_word' id='word_1_67' title='bbox 1019 1014 1087 1092; x_wconf 89' lang='lat' dir='ltr'><strong>ipse</strong></span> <span class='ocrx_word' id='word_1_68' title='bbox 1114 1021 1158 1074; x_wconf 85' lang='lat' dir='ltr'><strong>est</strong></span> <span class='ocrx_word' id='word_1_69' title='bbox 1178 1034 1198 1075; x_wconf 85' lang='lat' dir='ltr'><strong>a</strong></span> <span class='ocrx_word' id='word_1_70' title='bbox 1225 1012 1300 1076; x_wconf 88' lang='lat' dir='ltr'><strong>Deo.</strong></span> 
     </span>
     <span class='ocr_line' id='line_1_9' title="bbox 173 1111 1299 1195; baseline -0.002 -18"><span class='ocrx_word' id='word_1_71' title='bbox 173 1114 274 1195; x_wconf 77' lang='lat' dir='ltr'><strong>Atqui</strong></span> <span class='ocrx_word' id='word_1_72' title='bbox 299 1120 331 1176; x_wconf 90' lang='lat' dir='ltr'><strong>et</strong></span> <span class='ocrx_word' id='word_1_73' title='bbox 354 1111 483 1195; x_wconf 79' lang='lat' dir='ltr'>Moyses</span> <span class='ocrx_word' id='word_1_74' title='bbox 512 1119 544 1177; x_wconf 92' lang='lat' dir='ltr'><strong>et</strong></span> <span class='ocrx_word' id='word_1_75' title='bbox 568 1114 623 1176; x_wconf 94' lang='lat' dir='ltr'><strong>alii</strong></span> <span class='ocrx_word' id='word_1_76' title='bbox 648 1114 833 1192; x_wconf 84' lang='lat' dir='ltr'><strong>complures</strong></span> <span class='ocrx_word' id='word_1_77' title='bbox 861 1120 952 1174; x_wconf 81' lang='lat' dir='ltr'><strong>erant</strong></span> <span class='ocrx_word' id='word_1_78' title='bbox 973 1133 994 1174; x_wconf 86' lang='lat' dir='ltr'><strong><em>a</em></strong></span> <span class='ocrx_word' id='word_1_79' title='bbox 1014 1111 1096 1186; x_wconf 86' lang='lat' dir='ltr'><strong>Deo;</strong></span> <span class='ocrx_word' id='word_1_80' title='bbox 1121 1132 1195 1176; x_wconf 92' lang='lat' dir='ltr'><strong>uam</strong></span> <span class='ocrx_word' id='word_1_81' title='bbox 1216 1112 1299 1184; x_wconf 74' lang='grc' dir='ltr'><strong><em>εἶναι</em></strong></span> 
     </span>
     <span class='ocr_line' id='line_1_10' title="bbox 174 1213 1301 1318; baseline 0 -34"><span class='ocrx_word' id='word_1_82' title='bbox 174 1237 264 1318; x_wconf 80' lang='grc' dir='ltr'>παρα</span> <span class='ocrx_word' id='word_1_83' title='bbox 283 1237 338 1283; x_wconf 82' lang='grc' dir='ltr'><strong>του</strong></span> <span class='ocrx_word' id='word_1_84' title='bbox 358 1213 427 1286; x_wconf 71' lang='grc' dir='ltr'><strong>θεον</strong></span> <span class='ocrx_word' id='word_1_85' title='bbox 456 1237 517 1280; x_wconf 82' lang='lat' dir='ltr'><strong>esse</strong></span> <span class='ocrx_word' id='word_1_86' title='bbox 537 1238 558 1279; x_wconf 85' lang='lat' dir='ltr'><em>a</em></span> <span class='ocrx_word' id='word_1_87' title='bbox 584 1217 649 1280; x_wconf 89' lang='lat' dir='ltr'><strong>Deo</strong></span> <span class='ocrx_word' id='word_1_88' title='bbox 671 1217 861 1280; x_wconf 81' lang='lat' dir='ltr'><strong>dicebantur</strong></span> <span class='ocrx_word' id='word_1_89' title='bbox 889 1224 1052 1298; x_wconf 83' lang='lat' dir='ltr'><strong>quotquot</strong></span> <span class='ocrx_word' id='word_1_90' title='bbox 1078 1237 1097 1280; x_wconf 93' lang='lat' dir='ltr'><strong>a</strong></span> <span class='ocrx_word' id='word_1_91' title='bbox 1120 1216 1189 1282; x_wconf 89' lang='lat' dir='ltr'><strong>Deo</strong></span> <span class='ocrx_word' id='word_1_92' title='bbox 1213 1222 1301 1284; x_wconf 92' lang='lat' dir='ltr'><strong>missi</strong></span> 
     </span>
     <span class='ocr_line' id='line_1_11' title="bbox 171 1321 1298 1403; baseline 0.004 -15"><span class='ocrx_word' id='word_1_93' title='bbox 171 1323 232 1388; x_wconf 90' lang='lat' dir='ltr'><strong>Dei</strong></span> <span class='ocrx_word' id='word_1_94' title='bbox 258 1324 386 1388; x_wconf 92' lang='lat' dir='ltr'><strong>nominc</strong></span> <span class='ocrx_word' id='word_1_95' title='bbox 414 1323 454 1385; x_wconf 88' lang='lat' dir='ltr'><strong>ad</strong></span> <span class='ocrx_word' id='word_1_96' title='bbox 480 1321 644 1386; x_wconf 82' lang='lat' dir='ltr'><strong>israelitas</strong></span> <span class='ocrx_word' id='word_1_97' title='bbox 668 1323 849 1387; x_wconf 81' lang='lat' dir='ltr'><strong>veniebant.</strong></span> <span class='ocrx_word' id='word_1_98' title='bbox 873 1321 994 1388; x_wconf 87' lang='lat' dir='ltr'><strong>Conler</strong></span> <span class='ocrx_word' id='word_1_99' title='bbox 1018 1321 1065 1387; x_wconf 89' lang='lat' dir='ltr'><strong>lo.</strong></span> <span class='ocrx_word' id='word_1_100' title='bbox 1090 1324 1153 1403; x_wconf 85' lang='lat' dir='ltr'><strong>IX,</strong></span> <span class='ocrx_word' id='word_1_101' title='bbox 1175 1324 1225 1391; x_wconf 85' lang='grc'><strong>16.</strong></span> <span class='ocrx_word' id='word_1_102' title='bbox 1248 1325 1298 1392; x_wconf 89' lang='grc'><strong>33.</strong></span> 
     </span>
     <span class='ocr_line' id='line_1_12' title="bbox 170 1419 1302 1504; baseline 0.006 -19"><span class='ocrx_word' id='word_1_103' title='bbox 170 1422 275 1486; x_wconf 85' lang='lat' dir='ltr'><strong>Docet</strong></span> <span class='ocrx_word' id='word_1_104' title='bbox 297 1423 400 1504; x_wconf 81' lang='lat' dir='ltr'><strong>igitur</strong></span> <span class='ocrx_word' id='word_1_105' title='bbox 418 1441 476 1485; x_wconf 92' lang='lat' dir='ltr'><strong>nos</strong></span> <span class='ocrx_word' id='word_1_106' title='bbox 498 1419 646 1486; x_wconf 84' lang='lat' dir='ltr'><strong>Christus</strong></span> <span class='ocrx_word' id='word_1_107' title='bbox 671 1422 771 1502; x_wconf 93' lang='lat' dir='ltr'><strong>ipsius</strong></span> <span class='ocrx_word' id='word_1_108' title='bbox 795 1421 973 1485; x_wconf 80' lang='lat' dir='ltr'><strong>missionem</strong></span> <span class='ocrx_word' id='word_1_109' title='bbox 996 1423 1091 1504; x_wconf 82' lang='lat' dir='ltr'><strong>louge</strong></span> <span class='ocrx_word' id='word_1_110' title='bbox 1111 1425 1209 1487; x_wconf 90' lang='lat' dir='ltr'><strong>aliam</strong></span> <span class='ocrx_word' id='word_1_111' title='bbox 1233 1447 1302 1492; x_wconf 89' lang='lat' dir='ltr'><strong>esse</strong></span> 
     </span>
     <span class='ocr_line' id='line_1_13' title="bbox 174 1501 1303 1605; baseline 0.004 -19"><span class='ocrx_word' id='word_1_112' title='bbox 174 1543 214 1588; x_wconf 88' lang='lat' dir='ltr'><strong>ac</strong></span> <span class='ocrx_word' id='word_1_113' title='bbox 229 1501 437 1601; x_wconf 66' lang='lat' dir='ltr'><strong>ceterorum,</strong></span> <span class='ocrx_word' id='word_1_114' title='bbox 464 1542 607 1603; x_wconf 91' lang='lat' dir='ltr'><strong>quorum</strong></span> <span class='ocrx_word' id='word_1_115' title='bbox 631 1543 724 1586; x_wconf 92' lang='lat' dir='ltr'><strong>nemo</strong></span> <span class='ocrx_word' id='word_1_116' title='bbox 745 1521 852 1587; x_wconf 89' lang='lat' dir='ltr'><strong>Deum</strong></span> <span class='ocrx_word' id='word_1_117' title='bbox 872 1524 964 1601; x_wconf 83' lang='lat' dir='ltr'><strong>vidit,</strong></span> <span class='ocrx_word' id='word_1_118' title='bbox 985 1525 1147 1605; x_wconf 84' lang='lat' dir='ltr'><strong>longeque</strong></span> <span class='ocrx_word' id='word_1_119' title='bbox 1167 1527 1231 1590; x_wconf 92' lang='lat' dir='ltr'><strong>alia</strong></span> <span class='ocrx_word' id='word_1_120' title='bbox 1252 1547 1303 1591; x_wconf 91' lang='lat' dir='ltr'><strong>ra·</strong></span> 
     </span>
     <span class='ocr_line' id='line_1_14' title="bbox 175 1622 841 1688; baseline -0.002 -1"><span class='ocrx_word' id='word_1_121' title='bbox 175 1625 261 1688; x_wconf 93' lang='lat' dir='ltr'><strong>tione</strong></span> <span class='ocrx_word' id='word_1_122' title='bbox 281 1644 316 1688; x_wconf 92' lang='lat' dir='ltr'><strong>se</strong></span> <span class='ocrx_word' id='word_1_123' title='bbox 340 1643 359 1687; x_wconf 91' lang='lat' dir='ltr'><strong>a</strong></span> <span class='ocrx_word' id='word_1_124' title='bbox 382 1623 452 1686; x_wconf 88' lang='lat' dir='ltr'><strong>Deo</strong></span> <span class='ocrx_word' id='word_1_125' title='bbox 477 1642 546 1686; x_wconf 90' lang='lat' dir='ltr'><strong>esse</strong></span> <span class='ocrx_word' id='word_1_126' title='bbox 574 1641 612 1685; x_wconf 89' lang='lat' dir='ltr'><strong>ac</strong></span> <span class='ocrx_word' id='word_1_127' title='bbox 636 1622 684 1684; x_wconf 93' lang='lat' dir='ltr'><strong>illi</strong></span> <span class='ocrx_word' id='word_1_128' title='bbox 710 1622 841 1686; x_wconf 87' lang='lat' dir='ltr'><strong>luerint.</strong></span> 
     </span>
    </p>

    <p class='ocr_par' dir='ltr' id='par_1_3' title="bbox 171 1722 1304 2516">
     <span class='ocr_line' id='line_1_15' title="bbox 254 1722 1303 1808; baseline 0.004 -19"><span class='ocrx_word' id='word_1_129' title='bbox 254 1745 286 1789; x_wconf 82' lang='lat' dir='ltr'><strong>r.</strong></span> <span class='ocrx_word' id='word_1_130' title='bbox 308 1722 359 1791; x_wconf 73' lang='lat' dir='ltr'><strong>ll.</strong></span> <span class='ocrx_word' id='word_1_131' title='bbox 390 1723 537 1789; x_wconf 84' lang='lat' dir='ltr'><strong>Christus</strong></span> <span class='ocrx_word' id='word_1_132' title='bbox 565 1724 707 1787; x_wconf 88' lang='lat' dir='ltr'><strong>adhibita</strong></span> <span class='ocrx_word' id='word_1_133' title='bbox 734 1724 953 1788; x_wconf 86' lang='lat' dir='ltr'><strong>affirmationis</strong></span> <span class='ocrx_word' id='word_1_134' title='bbox 982 1725 1135 1804; x_wconf 87' lang='lat' dir='ltr'><strong>iormula,</strong></span> <span class='ocrx_word' id='word_1_135' title='bbox 1165 1747 1230 1808; x_wconf 92' lang='lat' dir='ltr'><strong>qua</strong></span> <span class='ocrx_word' id='word_1_136' title='bbox 1253 1731 1303 1793; x_wconf 94' lang='lat' dir='ltr'><strong>uti</strong></span> 
     </span>
     <span class='ocr_line' id='line_1_16' title="bbox 174 1826 1304 1909; baseline 0.002 -19"><span class='ocrx_word' id='word_1_137' title='bbox 174 1826 311 1903; x_wconf 85' lang='lat' dir='ltr'><strong>solebat,</strong></span> <span class='ocrx_word' id='word_1_138' title='bbox 334 1827 539 1907; x_wconf 86' lang='lat' dir='ltr'><strong>sepositaque</strong></span> <span class='ocrx_word' id='word_1_139' title='bbox 560 1829 625 1887; x_wconf 89' lang='lat' dir='ltr'><strong>iam</strong></span> <span class='ocrx_word' id='word_1_140' title='bbox 644 1826 731 1889; x_wconf 93' lang='lat' dir='ltr'><strong>omni</strong></span> <span class='ocrx_word' id='word_1_141' title='bbox 755 1828 956 1907; x_wconf 91' lang='lat' dir='ltr'><strong>metaphora,</strong></span> <span class='ocrx_word' id='word_1_142' title='bbox 972 1833 1071 1906; x_wconf 91' lang='lat' dir='ltr'><strong>atque</strong></span> <span class='ocrx_word' id='word_1_143' title='bbox 1091 1830 1210 1909; x_wconf 91' lang='lat' dir='ltr'><strong>apertis</strong></span> <span class='ocrx_word' id='word_1_144' title='bbox 1230 1850 1304 1894; x_wconf 82' lang='lat' dir='ltr'><strong>rer·</strong></span> 
     </span>
     <span class='ocr_line' id='line_1_17' title="bbox 173 1928 1300 2009; baseline 0.005 -21"><span class='ocrx_word' id='word_1_145' title='bbox 173 1928 222 1990; x_wconf 85' lang='lat' dir='ltr'><strong>bis</strong></span> <span class='ocrx_word' id='word_1_146' title='bbox 251 1928 457 2007; x_wconf 86' lang='lat' dir='ltr'><strong>maximeque</strong></span> <span class='ocrx_word' id='word_1_147' title='bbox 483 1928 645 2008; x_wconf 91' lang='lat' dir='ltr'><strong>propriis,</strong></span> <span class='ocrx_word' id='word_1_148' title='bbox 671 1934 711 1989; x_wconf 90' lang='lat' dir='ltr'><strong>ut</strong></span> <span class='ocrx_word' id='word_1_149' title='bbox 737 1928 769 1989; x_wconf 94' lang='lat' dir='ltr'><strong>iu</strong></span> <span class='ocrx_word' id='word_1_150' title='bbox 796 1928 1001 1990; x_wconf 90' lang='lat' dir='ltr'><strong>conclusione</strong></span> <span class='ocrx_word' id='word_1_151' title='bbox 1029 1929 1100 1991; x_wconf 85' lang='lat' dir='ltr'><strong>lieri</strong></span> <span class='ocrx_word' id='word_1_152' title='bbox 1121 1948 1180 2009; x_wconf 91' lang='lat' dir='ltr'><strong>par</strong></span> <span class='ocrx_word' id='word_1_153' title='bbox 1207 1937 1300 2009; x_wconf 91' lang='lat' dir='ltr'><strong>erat,</strong></span> 
     </span>
     <span class='ocr_line' id='line_1_18' title="bbox 172 2026 1300 2111; baseline 0.004 -21"><span class='ocrx_word' id='word_1_154' title='bbox 172 2026 304 2090; x_wconf 91' lang='lat' dir='ltr'><strong>taudem</strong></span> <span class='ocrx_word' id='word_1_155' title='bbox 324 2027 461 2107; x_wconf 90' lang='lat' dir='ltr'><strong>primam</strong></span> <span class='ocrx_word' id='word_1_156' title='bbox 482 2029 638 2089; x_wconf 90' lang='lat' dir='ltr'><strong>sermonis</strong></span> <span class='ocrx_word' id='word_1_157' title='bbox 659 2034 785 2108; x_wconf 91' lang='lat' dir='ltr'><strong>partem</strong></span> <span class='ocrx_word' id='word_1_158' title='bbox 810 2028 984 2092; x_wconf 88' lang='lat' dir='ltr'><strong>concludit.</strong></span> <span class='ocrx_word' id='word_1_159' title='bbox 1002 2028 1073 2092; x_wconf 92' lang='lat' dir='ltr'><strong>Hoc</strong></span> <span class='ocrx_word' id='word_1_160' title='bbox 1090 2030 1160 2110; x_wconf 84' lang='lat' dir='ltr'><strong>ipso</strong></span> <span class='ocrx_word' id='word_1_161' title='bbox 1178 2037 1300 2111; x_wconf 90' lang='lat' dir='ltr'><strong>autem,</strong></span> 
     </span>
     <span class='ocr_line' id='line_1_19' title="bbox 173 2122 1303 2209; baseline 0.004 -19"><span class='ocrx_word' id='word_1_162' title='bbox 173 2122 275 2208; x_wconf 78' lang='lat' dir='ltr'><strong>quod,</strong></span> <span class='ocrx_word' id='word_1_163' title='bbox 287 2134 360 2209; x_wconf 88' lang='lat' dir='ltr'><strong>post</strong></span> <span class='ocrx_word' id='word_1_164' title='bbox 380 2147 450 2190; x_wconf 90' lang='lat' dir='ltr'><strong>rem</strong></span> <span class='ocrx_word' id='word_1_165' title='bbox 473 2130 554 2191; x_wconf 91' lang='lat' dir='ltr'><strong>adeo</strong></span> <span class='ocrx_word' id='word_1_166' title='bbox 579 2131 667 2192; x_wconf 88' lang='lat' dir='ltr'><strong>clare</strong></span> <span class='ocrx_word' id='word_1_167' title='bbox 695 2131 906 2208; x_wconf 89' lang='lat' dir='ltr'><strong>enuntiatam,</strong></span> <span class='ocrx_word' id='word_1_168' title='bbox 933 2150 1048 2194; x_wconf 91' lang='lat' dir='ltr'><strong>rursus</strong></span> <span class='ocrx_word' id='word_1_169' title='bbox 1076 2132 1107 2193; x_wconf 95' lang='lat' dir='ltr'><strong>in</strong></span> <span class='ocrx_word' id='word_1_170' title='bbox 1132 2152 1230 2196; x_wconf 81' lang='lat' dir='ltr'><strong>versu</strong></span> <span class='ocrx_word' id='word_1_171' title='bbox 1255 2135 1303 2195; x_wconf 94' lang='lat' dir='ltr'><strong>iu-</strong></span> 
     </span>
     <span class='ocr_line' id='line_1_20' title="bbox 171 2227 1302 2317; baseline 0.004 -25"><span class='ocrx_word' id='word_1_172' title='bbox 171 2229 321 2309; x_wconf 91' lang='lat' dir='ltr'><strong>sequeuti</strong></span> <span class='ocrx_word' id='word_1_173' title='bbox 333 2248 366 2292; x_wconf 89' lang='lat' dir='ltr'><strong>se</strong></span> <span class='ocrx_word' id='word_1_174' title='bbox 382 2247 500 2317; x_wconf 80' lang='lat' dir='ltr'><strong>ponem</strong></span> <span class='ocrx_word' id='word_1_175' title='bbox 512 2248 573 2291; x_wconf 84' lang='lat' dir='ltr'><strong>csse</strong></span> <span class='ocrx_word' id='word_1_176' title='bbox 594 2230 742 2307; x_wconf 90' lang='lat' dir='ltr'><strong>affirmet,</strong></span> <span class='ocrx_word' id='word_1_177' title='bbox 766 2231 905 2294; x_wconf 84' lang='lat' dir='ltr'><strong>efficitur</strong></span> <span class='ocrx_word' id='word_1_178' title='bbox 928 2251 1060 2295; x_wconf 85' lang='lat' dir='ltr'><strong>versum</strong></span> <span class='ocrx_word' id='word_1_179' title='bbox 1080 2227 1120 2298; x_wconf 72' lang='lat'><strong>47</strong></span> <span class='ocrx_word' id='word_1_180' title='bbox 1140 2234 1302 2298; x_wconf 91' lang='lat' dir='ltr'><strong>dictorum</strong></span> 
     </span>
     <span class='ocr_line' id='line_1_21' title="bbox 173 2330 1300 2414; baseline 0.004 -21"><span class='ocrx_word' id='word_1_181' title='bbox 173 2330 415 2393; x_wconf 85' lang='lat' dir='ltr'><strong>conclusionem</strong></span> <span class='ocrx_word' id='word_1_182' title='bbox 440 2349 530 2408; x_wconf 91' lang='lat' dir='ltr'><strong>esse,</strong></span> <span class='ocrx_word' id='word_1_183' title='bbox 559 2331 669 2410; x_wconf 90' lang='lat' dir='ltr'><strong>itaque</strong></span> <span class='ocrx_word' id='word_1_184' title='bbox 694 2338 820 2412; x_wconf 91' lang='lat' dir='ltr'><strong>partem</strong></span> <span class='ocrx_word' id='word_1_185' title='bbox 844 2334 942 2396; x_wconf 91' lang='lat' dir='ltr'><strong>totius</strong></span> <span class='ocrx_word' id='word_1_186' title='bbox 970 2336 1125 2398; x_wconf 86' lang='lat' dir='ltr'><strong>sermonis</strong></span> <span class='ocrx_word' id='word_1_187' title='bbox 1153 2336 1300 2414; x_wconf 83' lang='lat' dir='ltr'><strong>absolvi,</strong></span> 
     </span>
     <span class='ocr_line' id='line_1_22' title="bbox 172 2433 1226 2516; baseline 0.006 -22"><span class='ocrx_word' id='word_1_188' title='bbox 172 2437 272 2512; x_wconf 87' lang='lat' dir='ltr'><strong>atque</strong></span> <span class='ocrx_word' id='word_1_189' title='bbox 297 2433 378 2494; x_wconf 91' lang='lat' dir='ltr'><strong>adeo</strong></span> <span class='ocrx_word' id='word_1_190' title='bbox 403 2438 508 2495; x_wconf 92' lang='lat' dir='ltr'><strong>totum</strong></span> <span class='ocrx_word' id='word_1_191' title='bbox 532 2451 713 2496; x_wconf 88' lang='lat' dir='ltr'><strong>sermonem</strong></span> <span class='ocrx_word' id='word_1_192' title='bbox 739 2434 865 2498; x_wconf 91' lang='lat' dir='ltr'><strong>duabus</strong></span> <span class='ocrx_word' id='word_1_193' title='bbox 893 2442 1041 2498; x_wconf 90' lang='lat' dir='ltr'><strong>constare</strong></span> <span class='ocrx_word' id='word_1_194' title='bbox 1068 2438 1226 2516; x_wconf 78' lang='lat' dir='ltr'><strong>partibus.</strong></span> 
     </span>
    </p>

    <p class='ocr_par' dir='ltr' id='par_1_4' title="bbox 174 2531 1304 3121">
     <span class='ocr_line' id='line_1_23' title="bbox 253 2531 1304 2613; baseline 0.004 -17"><span class='ocrx_word' id='word_1_195' title='bbox 253 2531 335 2596; x_wconf 87' lang='lat' dir='ltr'><strong>Erat</strong></span> <span class='ocrx_word' id='word_1_196' title='bbox 348 2532 496 2612; x_wconf 89' lang='lat' dir='ltr'><strong>proiecto</strong></span> <span class='ocrx_word' id='word_1_197' title='bbox 515 2551 576 2595; x_wconf 92' lang='lat' dir='ltr'><strong>cur</strong></span> <span class='ocrx_word' id='word_1_198' title='bbox 596 2531 756 2612; x_wconf 83' lang='lat' dir='ltr'><strong>Christus,</strong></span> <span class='ocrx_word' id='word_1_199' title='bbox 773 2554 848 2597; x_wconf 93' lang='lat' dir='ltr'><strong>cum</strong></span> <span class='ocrx_word' id='word_1_200' title='bbox 863 2533 1003 2613; x_wconf 93' lang='lat' dir='ltr'><strong>ludaeis,</strong></span> <span class='ocrx_word' id='word_1_201' title='bbox 1020 2554 1096 2599; x_wconf 93' lang='lat' dir='ltr'><strong>cum</strong></span> <span class='ocrx_word' id='word_1_202' title='bbox 1110 2534 1237 2600; x_wconf 88' lang='lat' dir='ltr'><strong>ludaeis</strong></span> <span class='ocrx_word' id='word_1_203' title='bbox 1256 2540 1304 2600; x_wconf 91' lang='lat' dir='ltr'><strong>in-</strong></span> 
     </span>
     <span class='ocr_line' id='line_1_24' title="bbox 174 2633 1302 2720; baseline 0.005 -24"><span class='ocrx_word' id='word_1_204' title='bbox 174 2652 284 2714; x_wconf 92' lang='lat' dir='ltr'><strong>quam,</strong></span> <span class='ocrx_word' id='word_1_205' title='bbox 298 2633 338 2696; x_wconf 89' lang='lat' dir='ltr'><strong>de</strong></span> <span class='ocrx_word' id='word_1_206' title='bbox 352 2635 547 2697; x_wconf 89' lang='lat' dir='ltr'><strong>eucharistia</strong></span> <span class='ocrx_word' id='word_1_207' title='bbox 560 2637 774 2714; x_wconf 91' lang='lat' dir='ltr'><strong>loquuturus,</strong></span> <span class='ocrx_word' id='word_1_208' title='bbox 785 2637 859 2699; x_wconf 89' lang='lat' dir='ltr'><strong>fidei</strong></span> <span class='ocrx_word' id='word_1_209' title='bbox 873 2639 1095 2700; x_wconf 86' lang='lat' dir='ltr'><strong>necessitatem</strong></span> <span class='ocrx_word' id='word_1_210' title='bbox 1107 2644 1200 2701; x_wconf 86' lang='lat' dir='ltr'><strong>antea</strong></span> <span class='ocrx_word' id='word_1_211' title='bbox 1214 2641 1302 2720; x_wconf 91' lang='lat' dir='ltr'><strong>ipsis,</strong></span> 
     </span>
     <span class='ocr_line' id='line_1_25' title="bbox 175 2735 1301 2822; baseline 0.005 -25"><span class='ocrx_word' id='word_1_212' title='bbox 175 2740 334 2814; x_wconf 87' lang='lat' dir='ltr'><strong>quantum</strong></span> <span class='ocrx_word' id='word_1_213' title='bbox 347 2735 418 2798; x_wconf 88' lang='lat' dir='ltr'><strong>fieri</strong></span> <span class='ocrx_word' id='word_1_214' title='bbox 433 2741 572 2816; x_wconf 88' lang='lat' dir='ltr'><strong>poterat,</strong></span> <span class='ocrx_word' id='word_1_215' title='bbox 588 2736 778 2799; x_wconf 89' lang='lat' dir='ltr'><strong>inculcaret.</strong></span> <span class='ocrx_word' id='word_1_216' title='bbox 796 2735 891 2812; x_wconf 87' lang='lat' dir='ltr'><strong>Quod</strong></span> <span class='ocrx_word' id='word_1_217' title='bbox 906 2739 990 2799; x_wconf 91' lang='lat' dir='ltr'><strong>enim</strong></span> <span class='ocrx_word' id='word_1_218' title='bbox 1011 2739 1130 2802; x_wconf 87' lang='lat' dir='ltr'><strong>adalia</strong></span> <span class='ocrx_word' id='word_1_219' title='bbox 1148 2742 1301 2822; x_wconf 84' lang='lat' dir='ltr'><strong>mysteria</strong></span> 
     </span>
     <span class='ocr_line' id='line_1_26' title="bbox 176 2836 1302 2918; baseline 0.004 -20"><span class='ocrx_word' id='word_1_220' title='bbox 176 2836 301 2914; x_wconf 89' lang='lat' dir='ltr'><strong>attinet,</strong></span> <span class='ocrx_word' id='word_1_221' title='bbox 325 2838 486 2900; x_wconf 90' lang='lat' dir='ltr'><strong>credimus</strong></span> <span class='ocrx_word' id='word_1_222' title='bbox 511 2839 599 2917; x_wconf 94' lang='lat' dir='ltr'><strong>quod</strong></span> <span class='ocrx_word' id='word_1_223' title='bbox 619 2855 683 2900; x_wconf 94' lang='lat' dir='ltr'><strong>non</strong></span> <span class='ocrx_word' id='word_1_224' title='bbox 703 2838 861 2915; x_wconf 82' lang='lat' dir='ltr'><strong>videmus,</strong></span> <span class='ocrx_word' id='word_1_225' title='bbox 885 2841 972 2918; x_wconf 90' lang='lat' dir='ltr'><strong>quod</strong></span> <span class='ocrx_word' id='word_1_226' title='bbox 993 2858 1072 2904; x_wconf 86' lang='lat' dir='ltr'><strong>vero</strong></span> <span class='ocrx_word' id='word_1_227' title='bbox 1093 2840 1133 2902; x_wconf 91' lang='lat' dir='ltr'><strong>ad</strong></span> <span class='ocrx_word' id='word_1_228' title='bbox 1154 2842 1302 2903; x_wconf 88' lang='lat' dir='ltr'><strong>euchari·</strong></span> 
     </span>
     <span class='ocr_line' id='line_1_27' title="bbox 176 2939 1299 3023; baseline 0.003 -20"><span class='ocrx_word' id='word_1_229' title='bbox 176 2939 294 3016; x_wconf 88' lang='lat' dir='ltr'><strong>stiam,</strong></span> <span class='ocrx_word' id='word_1_230' title='bbox 320 2940 522 3002; x_wconf 88' lang='lat' dir='ltr'><strong>contrarium</strong></span> <span class='ocrx_word' id='word_1_231' title='bbox 546 2941 636 3017; x_wconf 91' lang='lat' dir='ltr'><strong>eius,</strong></span> <span class='ocrx_word' id='word_1_232' title='bbox 671 2940 758 3020; x_wconf 94' lang='lat' dir='ltr'><strong>quod</strong></span> <span class='ocrx_word' id='word_1_233' title='bbox 787 2941 954 3018; x_wconf 81' lang='lat' dir='ltr'><strong>ridemus,</strong></span> <span class='ocrx_word' id='word_1_234' title='bbox 991 2942 1125 3005; x_wconf 91' lang='lat' dir='ltr'><strong>credere</strong></span> <span class='ocrx_word' id='word_1_235' title='bbox 1160 2949 1299 3023; x_wconf 91' lang='lat' dir='ltr'><strong>oportet.</strong></span> 
     </span>
     <span class='ocr_line' id='line_1_28' title="bbox 175 3038 394 3121; baseline 0.005 -19"><span class='ocrx_word' id='word_1_236' title='bbox 175 3039 262 3121; x_wconf 81' lang='lat' dir='ltr'><strong>Lege</strong></span> <span class='ocrx_word' id='word_1_237' title='bbox 285 3060 317 3104; x_wconf 81' lang='lat' dir='ltr'><strong>r.</strong></span> <span class='ocrx_word' id='word_1_238' title='bbox 344 3038 394 3105; x_wconf 90' lang='grc'><strong>66.</strong></span> 
     </span>
    </p>

    <p class='ocr_par' dir='ltr' id='par_1_5' title="bbox 170 3137 1306 4235">
     <span class='ocr_line' id='line_1_29' title="bbox 256 3137 1304 3227; baseline 0.004 -23"><span class='ocrx_word' id='word_1_239' title='bbox 256 3160 287 3204; x_wconf 85' lang='lat' dir='ltr'><strong>v.</strong></span> <span class='ocrx_word' id='word_1_240' title='bbox 315 3137 366 3206; x_wconf 71' lang='lat'><strong>48.</strong></span> <span class='ocrx_word' id='word_1_241' title='bbox 396 3137 579 3222; x_wconf 89' lang='lat' dir='ltr'><strong>Propositio</strong></span> <span class='ocrx_word' id='word_1_242' title='bbox 603 3142 762 3206; x_wconf 89' lang='lat' dir='ltr'><strong>secundae</strong></span> <span class='ocrx_word' id='word_1_243' title='bbox 789 3145 891 3224; x_wconf 91' lang='lat' dir='ltr'><strong>partis</strong></span> <span class='ocrx_word' id='word_1_244' title='bbox 917 3144 1028 3207; x_wconf 92' lang='lat' dir='ltr'><strong>iisdem</strong></span> <span class='ocrx_word' id='word_1_245' title='bbox 1051 3145 1158 3208; x_wconf 81' lang='lat' dir='ltr'><strong>uerbis</strong></span> <span class='ocrx_word' id='word_1_246' title='bbox 1179 3164 1217 3209; x_wconf 88' lang='lat' dir='ltr'><strong>ac</strong></span> <span class='ocrx_word' id='word_1_247' title='bbox 1237 3147 1304 3227; x_wconf 91' lang='lat' dir='ltr'><strong>pri·</strong></span> 
     </span>
     <span class='ocr_line' id='line_1_30' title="bbox 176 3243 1303 3327; baseline 0.005 -21"><span class='ocrx_word' id='word_1_248' title='bbox 176 3261 260 3320; x_wconf 90' lang='lat' dir='ltr'><strong>mae,</strong></span> <span class='ocrx_word' id='word_1_249' title='bbox 276 3243 409 3305; x_wconf 91' lang='lat' dir='ltr'><strong>sednon</strong></span> <span class='ocrx_word' id='word_1_250' title='bbox 429 3245 542 3306; x_wconf 91' lang='lat' dir='ltr'><strong>eodem</strong></span> <span class='ocrx_word' id='word_1_251' title='bbox 563 3264 669 3308; x_wconf 89' lang='lat' dir='ltr'><strong>sensu.</strong></span> <span class='ocrx_word' id='word_1_252' title='bbox 694 3243 731 3306; x_wconf 94' lang='lat' dir='ltr'><strong>ln</strong></span> <span class='ocrx_word' id='word_1_253' title='bbox 744 3246 848 3326; x_wconf 88' lang='lat' dir='ltr'><strong>prima</strong></span> <span class='ocrx_word' id='word_1_254' title='bbox 862 3243 1010 3310; x_wconf 86' lang='lat' dir='ltr'><strong>Christus</strong></span> <span class='ocrx_word' id='word_1_255' title='bbox 1028 3250 1076 3310; x_wconf 91' lang='lat' dir='ltr'><strong>est</strong></span> <span class='ocrx_word' id='word_1_256' title='bbox 1088 3246 1187 3327; x_wconf 81' lang='lat' dir='ltr'><strong>panis</strong></span> <span class='ocrx_word' id='word_1_257' title='bbox 1207 3266 1303 3312; x_wconf 92' lang='lat' dir='ltr'><strong>seusu</strong></span> 
     </span>
     <span class='ocr_line' id='line_1_31' title="bbox 177 3344 1305 3426; baseline 0.004 -19"><span class='ocrx_word' id='word_1_258' title='bbox 177 3344 334 3408; x_wconf 88' lang='lat' dir='ltr'><strong>translato</strong></span> <span class='ocrx_word' id='word_1_259' title='bbox 355 3350 393 3406; x_wconf 93' lang='lat' dir='ltr'><strong>ut</strong></span> <span class='ocrx_word' id='word_1_260' title='bbox 412 3344 485 3424; x_wconf 79' lang='lat' dir='ltr'><strong>fidei</strong></span> <span class='ocrx_word' id='word_1_261' title='bbox 505 3344 668 3420; x_wconf 81' lang='lat' dir='ltr'><strong>obiectum,</strong></span> <span class='ocrx_word' id='word_1_262' title='bbox 690 3366 792 3425; x_wconf 93' lang='lat' dir='ltr'><strong>quum</strong></span> <span class='ocrx_word' id='word_1_263' title='bbox 813 3347 875 3409; x_wconf 89' lang='lat' dir='ltr'><strong>fide</strong></span> <span class='ocrx_word' id='word_1_264' title='bbox 896 3347 1056 3426; x_wconf 80' lang='lat' dir='ltr'><strong>vivamus,</strong></span> <span class='ocrx_word' id='word_1_265' title='bbox 1079 3349 1111 3410; x_wconf 95' lang='lat' dir='ltr'><strong>in</strong></span> <span class='ocrx_word' id='word_1_266' title='bbox 1132 3350 1236 3411; x_wconf 88' lang='lat' dir='ltr'><strong>altera</strong></span> <span class='ocrx_word' id='word_1_267' title='bbox 1256 3355 1305 3412; x_wconf 86' lang='lat' dir='ltr'><strong>est</strong></span> 
     </span>
     <span class='ocr_line' id='line_1_32' title="bbox 170 3443 1303 3530; baseline 0.004 -23"><span class='ocrx_word' id='word_1_268' title='bbox 170 3443 283 3527; x_wconf 78' lang='lat' dir='ltr'><strong>ponis,</strong></span> <span class='ocrx_word' id='word_1_269' title='bbox 304 3445 337 3507; x_wconf 87' lang='lat' dir='ltr'><strong>id</strong></span> <span class='ocrx_word' id='word_1_270' title='bbox 358 3451 407 3507; x_wconf 93' lang='lat' dir='ltr'><strong>est</strong></span> <span class='ocrx_word' id='word_1_271' title='bbox 430 3446 533 3523; x_wconf 92' lang='lat' dir='ltr'><strong>cibus,</strong></span> <span class='ocrx_word' id='word_1_272' title='bbox 555 3466 651 3509; x_wconf 88' lang='lat' dir='ltr'><strong>sensu</strong></span> <span class='ocrx_word' id='word_1_273' title='bbox 670 3449 815 3528; x_wconf 92' lang='lat' dir='ltr'><strong>proprio,</strong></span> <span class='ocrx_word' id='word_1_274' title='bbox 837 3449 913 3527; x_wconf 89' lang='lat' dir='ltr'><strong>quia</strong></span> <span class='ocrx_word' id='word_1_275' title='bbox 935 3450 1059 3530; x_wconf 90' lang='lat' dir='ltr'><strong>reipsa</strong></span> <span class='ocrx_word' id='word_1_276' title='bbox 1083 3468 1213 3512; x_wconf 90' lang='lat' dir='ltr'><strong>caruem</strong></span> <span class='ocrx_word' id='word_1_277' title='bbox 1234 3451 1303 3513; x_wconf 91' lang='lat' dir='ltr'><strong>eius</strong></span> 
     </span>
     <span class='ocr_line' id='line_1_33' title="bbox 176 3545 1304 3630; baseline 0.003 -21"><span class='ocrx_word' id='word_1_278' title='bbox 176 3547 301 3609; x_wconf 86' lang='lat' dir='ltr'><strong>edimus</strong></span> <span class='ocrx_word' id='word_1_279' title='bbox 321 3552 355 3608; x_wconf 90' lang='lat' dir='ltr'><strong>et</strong></span> <span class='ocrx_word' id='word_1_280' title='bbox 373 3547 559 3625; x_wconf 84' lang='lat' dir='ltr'><strong>sanguinem</strong></span> <span class='ocrx_word' id='word_1_281' title='bbox 583 3547 731 3609; x_wconf 92' lang='lat' dir='ltr'><strong>bibimus.</strong></span> <span class='ocrx_word' id='word_1_282' title='bbox 754 3545 788 3610; x_wconf 87' lang='lat' dir='ltr'><strong>Si</strong></span> <span class='ocrx_word' id='word_1_283' title='bbox 808 3549 840 3608; x_wconf 91' lang='lat' dir='ltr'><strong>in</strong></span> <span class='ocrx_word' id='word_1_284' title='bbox 860 3549 920 3610; x_wconf 88' lang='lat' dir='ltr'><strong>hac</strong></span> <span class='ocrx_word' id='word_1_285' title='bbox 941 3567 1073 3628; x_wconf 91' lang='lat' dir='ltr'><strong>quoque</strong></span> <span class='ocrx_word' id='word_1_286' title='bbox 1088 3551 1193 3612; x_wconf 88' lang='lat' dir='ltr'><strong>altera</strong></span> <span class='ocrx_word' id='word_1_287' title='bbox 1209 3555 1304 3630; x_wconf 87' lang='lat' dir='ltr'><strong>parte</strong></span> 
     </span>
     <span class='ocr_line' id='line_1_34' title="bbox 176 3645 1305 3727; baseline 0.003 -17"><span class='ocrx_word' id='word_1_288' title='bbox 176 3646 366 3727; x_wconf 82' lang='lat' dir='ltr'><strong>significatio</strong></span> <span class='ocrx_word' id='word_1_289' title='bbox 390 3647 525 3709; x_wconf 93' lang='lat' dir='ltr'><strong>nominis</strong></span> <span class='ocrx_word' id='word_1_290' title='bbox 548 3645 647 3726; x_wconf 79' lang='lat' dir='ltr'><strong>poecis</strong></span> <span class='ocrx_word' id='word_1_291' title='bbox 672 3653 755 3710; x_wconf 91' lang='lat' dir='ltr'><strong>esset</strong></span> <span class='ocrx_word' id='word_1_292' title='bbox 778 3648 959 3725; x_wconf 90' lang='lat' dir='ltr'><strong>immutata,</strong></span> <span class='ocrx_word' id='word_1_293' title='bbox 984 3647 1130 3713; x_wconf 88' lang='lat' dir='ltr'><strong>Christus</strong></span> <span class='ocrx_word' id='word_1_294' title='bbox 1152 3649 1305 3713; x_wconf 89' lang='lat' dir='ltr'><strong>dicendus</strong></span> 
     </span>
     <span class='ocr_line' id='line_1_35' title="bbox 176 3747 1305 3832; baseline 0.004 -24"><span class='ocrx_word' id='word_1_295' title='bbox 176 3747 275 3823; x_wconf 82' lang='lat' dir='ltr'><strong>foret,</strong></span> <span class='ocrx_word' id='word_1_296' title='bbox 290 3753 364 3827; x_wconf 88' lang='lat' dir='ltr'><strong>post</strong></span> <span class='ocrx_word' id='word_1_297' title='bbox 377 3766 447 3809; x_wconf 91' lang='lat' dir='ltr'><strong>rem</strong></span> <span class='ocrx_word' id='word_1_298' title='bbox 472 3747 671 3827; x_wconf 90' lang='lat' dir='ltr'><strong>apertissime</strong></span> <span class='ocrx_word' id='word_1_299' title='bbox 685 3749 891 3828; x_wconf 83' lang='lat' dir='ltr'><strong>maximeque</strong></span> <span class='ocrx_word' id='word_1_300' title='bbox 912 3750 1052 3830; x_wconf 91' lang='lat' dir='ltr'><strong>propriis</strong></span> <span class='ocrx_word' id='word_1_301' title='bbox 1073 3750 1180 3813; x_wconf 80' lang='lat' dir='ltr'><strong>verbis</strong></span> <span class='ocrx_word' id='word_1_302' title='bbox 1201 3752 1305 3832; x_wconf 83' lang='lat' dir='ltr'><strong>expli-</strong></span> 
     </span>
     <span class='ocr_line' id='line_1_36' title="bbox 177 3848 1305 3932; baseline 0.002 -21"><span class='ocrx_word' id='word_1_303' title='bbox 177 3854 293 3925; x_wconf 88' lang='lat' dir='ltr'><strong>catam,</strong></span> <span class='ocrx_word' id='word_1_304' title='bbox 316 3848 356 3910; x_wconf 91' lang='lat' dir='ltr'><strong>ad</strong></span> <span class='ocrx_word' id='word_1_305' title='bbox 375 3851 580 3929; x_wconf 91' lang='lat' dir='ltr'><strong>metaphoras</strong></span> <span class='ocrx_word' id='word_1_306' title='bbox 602 3850 708 3912; x_wconf 90' lang='lat' dir='ltr'><strong>denuo</strong></span> <span class='ocrx_word' id='word_1_307' title='bbox 729 3869 879 3915; x_wconf 84' lang='lat' dir='ltr'><strong>reversus</strong></span> <span class='ocrx_word' id='word_1_308' title='bbox 901 3870 985 3929; x_wconf 91' lang='lat' dir='ltr'><strong>esse,</strong></span> <span class='ocrx_word' id='word_1_309' title='bbox 1011 3852 1108 3932; x_wconf 91' lang='lat' dir='ltr'><strong>inque</strong></span> <span class='ocrx_word' id='word_1_310' title='bbox 1129 3852 1166 3914; x_wconf 92' lang='lat' dir='ltr'><strong>iis</strong></span> <span class='ocrx_word' id='word_1_311' title='bbox 1187 3870 1305 3931; x_wconf 82' lang='lat' dir='ltr'><strong>urgen-</strong></span> 
     </span>
     <span class='ocr_line' id='line_1_37' title="bbox 176 3950 1305 4033; baseline 0.004 -23"><span class='ocrx_word' id='word_1_312' title='bbox 176 3950 225 4012; x_wconf 92' lang='lat' dir='ltr'><strong>dis</strong></span> <span class='ocrx_word' id='word_1_313' title='bbox 249 3968 352 4029; x_wconf 90' lang='lat' dir='ltr'><strong>acque</strong></span> <span class='ocrx_word' id='word_1_314' title='bbox 376 3951 473 4030; x_wconf 83' lang='lat' dir='ltr'><strong>longo</strong></span> <span class='ocrx_word' id='word_1_315' title='bbox 499 3969 646 4013; x_wconf 91' lang='lat' dir='ltr'><strong>sermone</strong></span> <span class='ocrx_word' id='word_1_316' title='bbox 670 3957 827 4029; x_wconf 90' lang='lat' dir='ltr'><strong>moratus,</strong></span> <span class='ocrx_word' id='word_1_317' title='bbox 853 3971 934 4031; x_wconf 92' lang='lat' dir='ltr'><strong>quas</strong></span> <span class='ocrx_word' id='word_1_318' title='bbox 961 3951 1094 4033; x_wconf 91' lang='lat' dir='ltr'><strong>insuper</strong></span> <span class='ocrx_word' id='word_1_319' title='bbox 1117 3952 1217 4031; x_wconf 82' lang='lat' dir='ltr'><strong>magis</strong></span> <span class='ocrx_word' id='word_1_320' title='bbox 1238 3971 1305 4014; x_wconf 89' lang='lat' dir='ltr'><strong>am·</strong></span> 
     </span>
     <span class='ocr_line' id='line_1_38' title="bbox 176 4052 1305 4134; baseline 0.001 -20"><span class='ocrx_word' id='word_1_321' title='bbox 176 4053 290 4133; x_wconf 84' lang='lat' dir='ltr'><strong>biguas</strong></span> <span class='ocrx_word' id='word_1_322' title='bbox 318 4052 475 4117; x_wconf 80' lang='lat' dir='ltr'><strong>effecisset</strong></span> <span class='ocrx_word' id='word_1_323' title='bbox 505 4054 763 4134; x_wconf 87' lang='lat' dir='ltr'><strong>frequentissima</strong></span> <span class='ocrx_word' id='word_1_324' title='bbox 789 4055 1001 4134; x_wconf 89' lang='lat' dir='ltr'><strong>usurpatione</strong></span> <span class='ocrx_word' id='word_1_325' title='bbox 1027 4072 1145 4118; x_wconf 87' lang='lat' dir='ltr'><strong>vocum</strong></span> <span class='ocrx_word' id='word_1_326' title='bbox 1172 4055 1305 4116; x_wconf 78' lang='lat' dir='ltr'><strong>mondo-</strong></span> 
     </span>
     <span class='ocr_line' id='line_1_39' title="bbox 176 4153 1306 4235; baseline 0.004 -19"><span class='ocrx_word' id='word_1_327' title='bbox 176 4172 263 4230; x_wconf 86' lang='lat' dir='ltr'><strong>corc,</strong></span> <span class='ocrx_word' id='word_1_328' title='bbox 288 4153 398 4232; x_wconf 80' lang='lat' dir='ltr'><strong>bibere,</strong></span> <span class='ocrx_word' id='word_1_329' title='bbox 421 4154 495 4230; x_wconf 83' lang='lat' dir='ltr'><strong>cibi,</strong></span> <span class='ocrx_word' id='word_1_330' title='bbox 511 4165 618 4235; x_wconf 81' lang='lat' dir='ltr'><strong>potos,</strong></span> <span class='ocrx_word' id='word_1_331' title='bbox 643 4153 763 4231; x_wconf 80' lang='lat' dir='ltr'><strong>coenis,</strong></span> <span class='ocrx_word' id='word_1_332' title='bbox 785 4159 818 4220; x_wconf 89' lang='lat' dir='ltr'><strong>et</strong></span> <span class='ocrx_word' id='word_1_333' title='bbox 838 4154 1014 4235; x_wconf 68' lang='lat' dir='ltr'><strong>sanquine.</strong></span> <span class='ocrx_word' id='word_1_334' title='bbox 1039 4156 1306 4223; x_wconf 77' lang='lat' dir='ltr'><strong>Animadvertero</strong></span> 
     </span>
    </p>
   </div>
   <div class='ocr_carea' id='block_1_2' title="bbox 0 0 1500 4912">
    <p class='ocr_par' dir='ltr' id='par_1_6' title="bbox 0 0 1500 4912">
     <span class='ocr_line' id='line_1_40' title="bbox 0 0 1500 4912; baseline 0 0"><span class='ocrx_word' id='word_1_335' title='bbox 0 0 1500 4912; x_wconf 95' lang='lat' dir='ltr'><strong> </strong></span> 
     </span>
    </p>
   </div>
  </div>
 </body>
</html>
