2986 4912
482 324 583 373 curva
608 326 736 373 suxrvu
1175 310 1216 380 ,8¹1

71 447 74 453 ·
151 432 182 475 v.
204 410 255 476 57.
279 410 349 474 lam
373 410 412 474 de
437 412 544 476 modo.
576 410 625 475 Ac
652 413 758 493 primo
780 410 819 474 de
841 411 946 474 forma
968 414 1053 476 vitae
1074 415 1124 491 iis,
1148 417 1205 495 qui

69 512 191 577 Christi
219 532 317 577 earne
344 519 377 576 et
404 513 559 594 sanguine
583 519 773 590 vescuntur,
800 515 988 593 promissae.
1015 513 1135 579 Confer
1160 515 1207 580 lo.

68 612 159 693 XIV,
188 609 308 695 tlt-233
330 611 403 691 XV,
431 610 499 679 l-'l
523 613 600 676 coll.
624 612 654 679 9.
684 610 736 692 103
759 610 864 690 XVII,
890 612 941 678 26.
968 613 1016 676 Ea
1039 615 1145 678 lorma
1167 617 1213 678 ni-

68 716 190 778 mirum
217 714 367 778 nonalia
390 733 489 795 quam
510 715 640 777 caritas.

150 812 258 882 v.,58.
284 814 406 879 Deinde
430 822 464 879 et
490 816 579 878 illius
600 815 687 879 vitae
712 833 825 877 caussa
850 815 1001 894 efficiens,
1025 824 1058 880 et
1078 838 1212 900 caussae

70 916 225 992 efficacia,
248 923 281 980 et
301 917 461 980 efficaciae
483 917 554 980 lons
569 923 602 979 et
615 918 708 997 origo
723 919 896 982 indicatur.
915 916 1048 996 Caussa,
1065 921 1210 1000 inquam,

70 1025 120 1082 est
140 1019 230 1082 cibus
251 1019 308 1080 ille
330 1018 469 1095 divinus,
492 1018 646 1079 nimirum
668 1015 827 1095 Christus,
844 1037 978 1082 caussae
993 1019 1134 1084 efficacia
1144 1024 1211 1085 vita

71 1138 172 1199 quam
201 1116 350 1183 Christus
370 1118 404 1179 in
426 1137 461 1180 se
486 1118 628 1180 continet
643 1115 707 1198 (l),
724 1114 884 1182 efficaciae
905 1119 975 1182 lons
996 1121 1063 1184 vita
1083 1120 1156 1202 llei3
1178 1124 1211 1185 iu

69 1218 140 1284 Deo
162 1227 272 1284 autem
292 1221 404 1285 vivere
424 1238 488 1281 non
509 1219 599 1282 aliud
614 1238 714 1299 quam
734 1240 815 1301 esse3
833 1220 953 1284 Christi
974 1242 1053 1302 ergo
1075 1225 1211 1287 essentia

70 1321 179 1397 divina
205 1323 287 1385 baec
307 1326 460 1402 praestat.
477 1354 519 1365 —
532 1319 693 1384 Vsitatum
718 1319 847 1385 Christo
873 1323 947 1400 fuit,
972 1325 1013 1386 ad
1034 1325 1129 1388 fidem
1150 1328 1211 1390 sibi

71 1423 319 1499 conciliandam,
347 1423 430 1484 illud
451 1441 593 1502 urgere,
623 1423 712 1503 quod
740 1423 807 1503 ipse
834 1443 853 1486 a
877 1422 947 1488 Deo
973 1427 1088 1490 missus
1114 1434 1207 1492 esset.

71 1522 121 1587 lta
142 1530 176 1587 et
199 1542 308 1602 nunc,
334 1524 467 1604 oblique
495 1521 694 1587 ludaeorum
718 1525 966 1606 interrogationi
991 1530 1209 1609 respondens,

70 1644 126 1689 eos
147 1625 243 1687 docet
269 1643 362 1706 posse
389 1644 424 1688 se
452 1644 501 1702 ea,
532 1644 616 1704 quae
644 1626 874 1706 pollicebatur,
897 1635 1076 1708 praestare.
1100 1627 1209 1710 Atque

70 1728 152 1789 baec
173 1727 310 1789 fortasse
334 1744 449 1789 caussa
471 1725 534 1788 luit
561 1745 622 1789 cur
646 1727 743 1789 buius
768 1727 926 1791 missionis
948 1731 1144 1793 mentionem
1165 1731 1211 1794 le-

72 1828 156 1917 cerit
179 1828 399 1909 propositione
427 1828 562 1905 directa,
586 1828 713 1890 tametsi
740 1828 932 1892 adverbium
956 1829 1050 1905 sieut,
1078 1852 1142 1895 nou
1171 1834 1210 1896 ad

70 1930 210 1992 verbum
231 1925 332 2003 misit,
353 1930 409 1991 scd
434 1929 471 1991 ad
502 1929 708 2009 participium
728 1927 837 1992 vivens
859 1932 1016 2010 refertur,
1039 1952 1104 1996 nou
1126 1936 1211 1996 enim

69 2027 179 2092 missio
192 2048 268 2092 cum
282 2026 351 2091 vita
365 2034 587 2109 comparatur,
612 2029 705 2091 cuius
727 2031 974 2110 comparationis
995 2032 1061 2095 vim
1083 2052 1121 2096 ac
1141 2053 1212 2096 sen-

71 2149 145 2193 sum
170 2130 227 2193 vix
254 2130 363 2192 ullum
391 2130 574 2209 colligeres,
596 2129 652 2192 sed
677 2127 744 2191 vita
772 2129 948 2203 cumcito,
974 2132 1063 2195 acsi
1090 2132 1219 2196 dictum'

70 2236 167 2295 esset:
194 2228 283 2293 Sicut
298 2240 405 2311 pater,
427 2231 485 2311 qui
501 2227 590 2292 misit
613 2248 673 2302 me,
694 2227 804 2291 cicens
825 2236 885 2309 est,
909 2240 938 2292 et
957 2232 1042 2294 sicut
1062 2251 1128 2312 eqo,
1150 2236 1213 2311 hoc

70 2333 143 2413 ipso
171 2333 303 2411 quoda
330 2331 428 2394 Patre
452 2332 568 2394 missus
596 2350 682 2408 sum,
711 2330 801 2406 civo,
827 2334 925 2413 idque
944 2344 1074 2415 propter
1088 2345 1213 2415 patrem

73 2429 135 2502 δια
148 2454 203 2501 τον
219 2456 341 2534 accepit
355 2451 414 2514 per
435 2439 573 2514 patrem,
596 2433 652 2509 ita,
664 2441 694 2494 et
712 2431 768 2515 qui
787 2436 959 2497 manducat
978 2455 1037 2509 me,
1059 2437 1122 2500 hoc
1142 2437 1212 2517 ipso

73 2539 163 2618 quod
190 2558 242 2602 me
267 2539 463 2614 manducat,
493 2535 587 2613 vivet,
600 2537 699 2617 idque
718 2545 849 2617 propter
869 2554 915 2596 me
933 2532 980 2603 δι’
994 2531 1050 2628 ἔμε
1063 2555 1122 2617 per
1146 2556 1210 2615 me,

70 2664 137 2708 nou
164 2663 257 2707 seem
285 2663 323 2706 ac
351 2662 410 2724 per
435 2643 545 2722 fruges
570 2643 681 2706 vivere
710 2643 864 2705 dicuntur
891 2642 948 2721 qui
972 2641 1122 2720 frugibus
1142 2662 1211 2706 sese

72 2746 233 2809 nutriunt.
257 2743 364 2806 Habes
384 2745 417 2806 in
438 2742 485 2807 lo.
508 2742 549 2822 V,
571 2741 613 2808 36
633 2743 719 2806 unde
740 2744 772 2805 in
793 2745 913 2806 borum
927 2763 1086 2840 προτασιν
1099 2743 1211 2807 lumen

72 2849 212 2914 derives.

155 2971 187 3017 v.
216 2949 266 3017 59.
293 2951 389 3028 Quod
411 2952 444 3014 iu
471 2951 574 3032 prima
595 2950 750 3013 sermonis
772 2953 864 3030 parte
887 2947 1034 3013 Christus
1056 2947 1144 3009 baud
1165 2946 1207 3009 t'e·

72 3058 177 3131 cerat,
205 3052 282 3115 huic
306 3054 414 3130 alteri,
443 3058 579 3134 propter
608 3052 656 3113 roi
684 3050 892 3125 arduitatem,
919 3069 986 3128 quo
1010 3049 1112 3129 ipsam
1140 3067 1209 3110 rem

71 3154 174 3234 magis
194 3153 377 3230 confirmet,
401 3153 565 3233 epilogum
586 3150 760 3229 subiungit.
785 3147 836 3211 Sic
851 3146 991 3225 Tullius,
1003 3153 1076 3228 post
1096 3166 1210 3210 narra-

71 3259 140 3316 tam
167 3252 272 3317 Clodii
286 3255 429 3317 eaedem:
462 3253 562 3326 Haec,
583 3250 666 3313 sicut
687 3248 828 3330 reposci,
850 3248 897 3311 ito
918 3258 1003 3330 qesta
1024 3259 1110 3322 suot,
1132 3251 1210 3312 item

69 3353 240 3436 Virgilius,
257 3354 378 3418 Priami
392 3373 469 3417 nece
491 3353 661 3432 descripta:
685 3349 748 3413 Hie
767 3349 841 3430 finis
861 3349 998 3413 Priami.
1014 3347 1131 3414 Sensus
1142 3355 1206 3411 est:

71 3453 160 3531 Quid
180 3457 269 3537 panis
290 3456 347 3517 ille
367 3455 419 3530 sit,
442 3455 533 3516 vobis
554 3453 703 3533 exposui,
726 3453 781 3514 ille
804 3451 969 3527 nimirum,
991 3469 1055 3512 non
1081 3450 1208 3528 dequo

70 3557 222 3644 superius
260 3576 292 3618 v.
322 3553 380 3632 35,
407 3554 463 3617 sed
488 3555 527 3617 de
558 3573 624 3634 quo
651 3572 737 3616 nunc
761 3573 793 3616 v.
823 3549 881 3627 48,
910 3553 1005 3631 longe
1034 3551 1117 3613 alius
1149 3551 1208 3611 illo

69 3677 170 3738 quem
190 3658 320 3742 Moyses
344 3657 521 3719 maioribus
536 3656 651 3718 vestris
668 3655 831 3735 praebuit,
854 3655 899 3715 ita
915 3660 947 3715 ot
961 3654 1088 3732 signum
1102 3652 1207 3714 multo

68 3760 172 3840 magis
185 3759 369 3822 mirandum
391 3777 489 3838 quam
511 3759 600 3837 quod
620 3757 699 3818 mibi
720 3755 928 3837 opponebatis
950 3773 1003 3817 vv.
1019 3749 1070 3818 30.
1086 3750 1137 3815 31.
1155 3750 1209 3814 Ex

69 3878 138 3939 quo
157 3860 243 3922 ratio
264 3866 399 3939 apparet
420 3878 481 3921 eur
504 3860 536 3919 in
557 3860 618 3921 boe
641 3858 767 3938 epilogo
789 3863 887 3937 atque
908 3857 941 3916 in
961 3854 1110 3936 proxima
1132 3870 1208 3915 con·

68 3961 216 4024 elusione
242 3978 359 4023 nomen
378 3959 477 4041 panis
505 3958 652 4024 Christus
678 3959 785 4022 denuo
806 3961 952 4038 usurpet.

142 4143 319 4217 fflmbt
973 4207 994 4273 6
