2986 4912
496 335 599 389 csrvr
621 340 773 389 ocrsvvu
1119 324 1192 419 ‘tut

90 486 109 499 „
159 424 213 506 56
239 427 425 505 Abraham
452 444 559 530 pater
591 441 714 505 vester
757 428 936 508 exultavit
968 444 1011 507 ut
1046 432 1187 510 videret

53 559 151 633 diem
184 581 328 633 meum:
359 558 464 648 vidit,
501 570 541 634 et
571 559 717 657 gavisus
749 571 819 634 est.

161 679 213 762 57
242 686 421 763 Dixerunt
452 711 539 786 ergo
567 687 691 763 ludaei
718 688 764 762 ad
793 711 891 763 eum:
920 686 1188 790 Quinquaginta

54 840 171 892 annos
203 817 362 890 nondum
394 816 522 902 habes,
552 828 591 892 et
622 814 806 891 Abraham
839 814 995 892 vidisti?

163 937 217 1020 58
243 942 345 1018 Dixit
375 944 429 1018 eis
456 943 571 1017 iesus:
601 941 731 1032 Amen,
761 966 868 1018 amen
888 946 968 1020 dico
987 945 1106 1033 vobis,
1125 969 1191 1021 an-

54 1086 204 1171 tequam
243 1068 426 1145 Abraham
458 1069 576 1156 fieret,
610 1093 679 1167 ego
707 1094 801 1144 sum.

161 1192 214 1274 59
242 1175 420 1273 Tulerunt
446 1221 533 1296 ergo
558 1197 712 1295 lapides,
744 1209 787 1272 ut
814 1198 976 1275 iacerent
1016 1200 1053 1273 in
1091 1221 1187 1279 eum:

53 1327 158 1402 lesus
185 1338 308 1401 autem
336 1322 526 1401 abscondit
553 1347 607 1411 se,
634 1336 673 1399 et
700 1324 816 1401 exivit
842 1326 887 1400 de
916 1325 1065 1424 templo.

503 1868 756 1922 connumeretur

145 2163 200 2210 tv.
221 2140 252 2208 1.
274 2141 306 2208 2.
330 2079 475 2207 Confer
495 2142 575 2207 Luc.
598 2141 687 2220 XXI,
709 2141 760 2207 37.
781 2140 833 2207 38.

144 2263 177 2310 v.
198 2244 229 2310 3.
245 2243 294 2308 Dc
308 2244 421 2308 scribis
442 2245 470 2308 si
490 2244 568 2325 quid
582 2245 666 2309 scire
681 2245 784 2325 cupis,
799 2245 872 2326 lega
886 2243 957 2308 Lib.
974 2243 1022 2308 Ill
1037 2247 1077 2310 de
1095 2244 1203 2313 Evan-

60 2346 154 2428 geliis
173 2343 256 2410 Diss.
280 2343 400 2409 XXIX.

144 2467 176 2511 v·
199 2446 229 2511 5.
251 2445 336 2527 Lege
357 2445 434 2511 Lev.
456 2444 529 2522 XX,
550 2445 600 2513 10.

147 2566 179 2613 v.
201 2545 231 2612 8.
254 2544 292 2609 In
313 2546 476 2627 aliquibus
498 2547 740 2627 exemplaribus
761 2548 884 2628 graecis
903 2548 1038 2630 legitur:
1053 2546 1205 2612 scribebat

63 2647 102 2712 in
117 2656 202 2710 terra
214 2645 461 2728 uniuscuiusque
481 2646 620 2727 ipsorum
636 2657 778 2728 peccate.
794 2647 845 2711 Sic
860 2650 957 2712 etiam
972 2649 1203 2733 Hieronymust

63 2749 187 2812 Eorum
207 2747 352 2811 videlicet
361 2791 374 2821 ,
406 2746 462 2828 qui
482 2749 696 2822 accusabant,
728 2757 756 2810 ct
776 2747 915 2811 omnium
934 2759 1067 2829 peccata
1090 2758 1208 2813 morte·

65 2848 146 2914 lium
159 2848 213 2931 (i).
228 2849 302 2925 Quo
323 2848 428 2929 posito
450 2853 585 2929 apparet
606 2849 690 2911 ratio
712 2850 782 2912 eius
797 2848 886 2929 quod
906 2857 1063 2913 narratur
1076 2851 1109 2912 in
1122 2871 1155 2914 v.
1171 2849 1202 2917 9.

147 2971 179 3015 v.
201 2949 233 3016 9.
257 2948 383 3014 Graeca
397 2949 443 3013 sic
463 2956 591 3012 sonant:
614 2947 785 3012 Audientcs
805 2959 920 3027 eutem,
936 2958 966 3013 ct
979 2972 999 3013 a
1013 2949 1208 3013 conscientia

65 3051 254 3136 rederputi,
285 3051 416 3115 exibunt
436 3069 519 3113 enus
535 3060 608 3132 post
637 3068 750 3126 unum,
767 3050 952 3132 incipientes
983 3073 1005 3115 a
1034 3051 1208 3116 senioribus

65 3156 226 3237 usquead
245 3153 385 3227 ultimos,
405 3162 435 3214 et
455 3162 566 3216 cetera.
1073 3220 1078 3233 Ι

148 3276 180 3322 t.
202 3254 252 3322 10.
276 3254 413 3320 Graece:
437 3253 574 3335 Eripens
594 3264 698 3318 eutem
717 3273 748 3316 se
768 3252 1080 3329 resuscitantem
1098 3255 1209 3320 cidens

66 3357 135 3421 nisi
153 3355 326 3431 mulierem,
348 3355 434 3420 discit
454 3355 495 3419 ci:
516 3365 546 3419 ct
564 3366 675 3420 cetero.

149 3478 181 3523 v.
204 3455 254 3522 tt.
277 3456 355 3520 Pari
376 3458 495 3533 modo,
518 3475 556 3520 ac
577 3456 764 3521 Matthaeus
787 3457 1045 3536 frequentissime
1070 3463 1210 3538 usurpat

69 3579 186 3626 vocem
206 3579 276 3625 τοτε
299 3569 388 3632 tunc,
397 3558 442 3622 ita
464 3565 571 3623 tamen
590 3565 629 3623 nt
652 3559 782 3623 nullum
814 3565 942 3621 certum
969 3566 1095 3639 tempus
1127 3561 1209 3640 desi-

70 3668 168 3744 gnet,
191 3663 236 3725 ita
258 3662 344 3743 apud
365 3680 468 3724 unum
490 3658 643 3725 Ioannem
664 3681 730 3725 vox
755 3652 812 3725 οὐν
844 3678 916 3739 erpo
948 3661 1053 3722 multo
1084 3659 1208 3740 pluries

69 3761 194 3842 legitur
215 3780 314 3842 quam
335 3763 422 3844 apud
444 3767 570 3825 ceteros
593 3769 658 3825 tres
680 3762 896 3837 coniunctim,
920 3778 979 3822 nec
1001 3764 1108 3821 tumen
1128 3776 1212 3819 sem-

70 3883 134 3947 per
152 3883 266 3928 rerum
287 3865 551 3945 consequentiam
576 3865 745 3944 significat.
775 3897 816 3908 -
843 3863 933 3925 Haec
961 3859 1082 3925 Christi
1109 3858 1210 3922 verba

72 3966 285 4048 exposuimus
307 3967 362 4029 ubi
385 3966 556 4029 dicendum
578 3966 641 4029 suit
662 3966 701 4030 de
723 3962 862 4042 10.1,t.
885 3961 915 4028 5.
939 3960 1075 4026 Occasio
1096 3961 1140 4023 ita
1160 3959 1211 4023 lo·

142 4170 180 4243 (t)
198 4169 268 4228 Acis.
287 4172 414 4240 Pelagisu.
434 4173 470 4230 tl.
491 4172 534 4224 tt.
