2986 4912
598 298 700 347 CAPVT
723 297 867 356 ovlurvu

607 470 859 523 coronariorum

167 791 200 837 v.
223 769 254 835 1.
276 719 387 830 Dies
407 772 504 850 festus
525 764 632 868 ἓορτης
654 769 726 848 lege
748 788 833 846 quae
855 769 995 832 diximus
1016 771 1055 832 de
1084 771 1131 835 le.
1163 772 1227 850 IV,·
1248 759 1299 840 ib.

169 873 242 936 Hoc
263 875 420 937 sollemne
442 874 505 937 luit
524 878 714 955 scenopegia
736 879 810 939 anni
838 898 934 941 aerae
962 881 1107 959 vulgaris
1134 879 1186 956 27,
1215 881 1303 959 qubd

170 974 283 1037 incidit
302 974 335 1034 in
356 975 440 1036 diem
461 982 617 1053 quartum
639 978 692 1039 vel
720 979 870 1055 quintum
896 981 1012 1041 mensis
1040 982 1192 1043 octobris.
1220 979 1304 1059 Lege

170 1073 241 1137 Lib.
265 1072 296 1136 ΙΙ
317 1076 357 1136 de
377 1075 561 1156 Evangeliis
582 1074 700 1138 dnnot.
722 1075 809 1139 Llll.

251 1195 283 1240 v.
305 1173 337 1238 b.
360 1175 531 1239 Probutica
553 1196 705 1256 graecum
726 1178 925 1241 vocabulum
946 1183 1008 1254 est,
1031 1179 1116 1242 idem
1136 1180 1247 1241 valens
1268 1198 1306 1241 ac

171 1275 283 1340 ovilla.
307 1274 471 1339 Graecum
492 1276 660 1356 exemplar
683 1277 728 1339 ita
743 1278 851 1338 babet:
873 1277 931 1338 Est
951 1285 1054 1339 autem
1073 1277 1307 1356 Hierosolymac

174 1379 217 1438 ad
230 1375 370 1453 Ouillam
389 1376 565 1451 natatoria,
587 1385 699 1439 vocata
713 1377 853 1439 hebraice
867 1388 896 1439 ct
909 1387 1019 1441 cetera.
1038 1377 1157 1442 Confer
1184 1378 1231 1441 Ie.
1249 1377 1307 1455 ΙΙΙ,

174 1476 206 1540 7.
230 1477 318 1541 Haec
342 1476 450 1540 Ovilia
471 1477 603 1541 ridetur
633 1476 703 1540 esse
730 1479 820 1540 urbis
848 1485 944 1558 porta
972 1498 1056 1558 quae
1083 1479 1312 1558 appellabatur

174 1576 277 1639 Portu
296 1572 575 1657 prepisssi-De
596 1577 723 1638 nemine
744 1575 916 1639 Bethsaida
944 1579 1137 1658 interpretes
1164 1583 1307 1653 certant,

173 1677 335 1756 aliterque
356 1676 433 1737 alibi
453 1677 611 1756 scriptum
631 1678 765 1755 legitur.
777 1676 880 1740 -Ex
901 1678 963 1740 hoc
983 1680 1057 1741 loco
1079 1679 1202 1740 lrustra
1216 1695 1314 1757 argu·

174 1784 321 1839 mentum
342 1795 508 1857 promeres
529 1779 569 1839 ad
591 1779 824 1840 ostendendum
846 1780 907 1841 boc
928 1780 1132 1859 evangelium
1156 1779 1314 1856 scriptum

173 1897 245 1940 esse
266 1896 368 1956 quum
389 1877 617 1962 Hierosolyma
638 1878 745 1942 adbuc
766 1885 877 1941 staret.
901 1876 986 1959 Lege
1012 1877 1081 1941 Lib.
1106 1878 1120 1941 Ι
1142 1880 1181 1940 de
1209 1877 1316 1942 Evan-

177 1978 269 2057 geliis
290 1998 318 2041 c.
342 1977 397 2040 IV.
419 1996 451 2040 n·
473 1976 523 2043 36.

259 2098 290 2143 v.
305 2075 335 2142 l.
353 2078 418 2154 Qui
428 2079 526 2140 buius
541 2080 589 2140 rei
608 2079 703 2141 tidem
718 2080 848 2143 elevare
864 2085 987 2143 tentant
1000 2085 1196 2159 opponentes
1210 2078 1316 2143 Flavii

181 2179 309 2260 losephi
319 2179 495 2255 silentium,
503 2180 632 2242 minime
641 2188 793 2260 reputant
802 2180 974 2261 losepbum
984 2185 1062 2242 tunc
1070 2179 1321 2256 vixisse,quum,

179 2279 316 2343 sublatis
336 2279 469 2341 iudaicis
491 2280 700 2358 religionibus
721 2281 969 2357 christianisque
994 2279 1057 2341 iam
1078 2279 1315 2353 obtinentibus,

182 2379 360 2443 illiusmodi
381 2380 540 2442 miracula
561 2380 593 2441 in
613 2398 652 2442 ea
674 2386 766 2460 gente
788 2380 858 2443 lieri
879 2381 942 2441 iam
963 2380 1136 2456 desierant,
1158 2386 1256 2457 atque
1274 2379 1319 2440 ita

184 2481 239 2543 vel
260 2482 299 2543 de
320 2481 395 2561 ipsis
417 2480 601 2556 miraculis,
628 2499 712 2559 quae
733 2481 765 2542 in
785 2480 912 2543 Veteris
935 2478 1130 2542 Testamenti
1155 2479 1247 2540 libris
1273 2480 1321 2541 le·

182 2586 324 2660 guntur,
347 2580 482 2642 subinde
503 2581 686 2660 scripsisse,
714 2587 752 2643 ut
773 2582 828 2660 qui
849 2581 1053 2643 naturalibus
1075 2581 1195 2641 caussis
1216 2598 1254 2641 ea
1275 2586 1322 2640 at·

187 2681 334 2744 tribuere
356 2681 441 2744 velle
456 2681 634 2743 videretur.
652 2679 717 2756 Qui
729 2701 808 2745 vero
829 2682 878 2743 bis
899 2682 974 2761 ipsis
995 2680 1122 2743 caussis.
1140 2679 1323 2742 attribuunt

185 2782 218 2842 id
240 2782 328 2860 quod
349 2782 382 2841 in
402 2781 464 2843 hoc
483 2781 558 2843 loco
575 2789 746 2857 narratur,
769 2801 826 2843 nos
847 2782 996 2857 doceant,
1018 2799 1147 2842 necesse
1168 2784 1231 2854 est,
1261 2797 1322 2840 cur

190 2881 350 2943 naturalis
371 2881 504 2943 illarum
526 2899 688 2959 aquarum
710 2882 758 2944 vis
778 2883 837 2943 nisi
858 2883 933 2957 uni,
955 2887 1054 2961 atque
1081 2881 1162 2943 adeo
1188 2879 1248 2941 nisi
1275 2879 1324 2940 illi

185 2981 242 3062 qui
256 2981 350 3061 prior
370 2980 572 3043 descendisset
593 2981 629 3042 iu
644 2981 818 3061 piscinam,
840 3001 907 3044 non
928 2983 1105 3062 prodesset.

264 3100 297 3146 r.
323 3079 373 3145 17.
397 3081 449 3144 Ex
470 3101 570 3145 versu
590 3079 631 3146 16
651 3082 858 3161 intelligimus
880 3083 960 3144 haec
981 3101 1000 3143 a
1022 3080 1150 3145 Christo
1172 3082 1255 3144 dicta
1276 3099 1326 3142 es·
1435 3136 1444 3159 ,s

186 3200 221 3243 se
243 3182 308 3243 alie
333 3181 384 3243 die
411 3200 449 3243 ac
477 3181 535 3243 illo
564 3200 631 3260 que
660 3183 822 3244 bominem
849 3201 963 3245 sanum
993 3180 1321 3260 lecit-*Respondit

185 3279 384 3345 Helleoistae
399 3279 540 3344 utuntur
553 3284 654 3345 verbo
669 3280 897 3382 ἀποκρινεσθαι
915 3283 1100 3361 respondere
1112 3283 1145 3343 in
1166 3300 1242 3344 eum
1255 3300 1326 3343 sen-

183 3411 257 3455 sum
278 3397 411 3471 accepto
433 3409 499 3468 quo
521 3396 570 3452 est
592 3390 782 3453 hebraicum
805 3397 889 3477 libb,
908 3389 996 3468 quod
1011 3395 1043 3450 et
1056 3384 1217 3466 respondit
1235 3390 1267 3447 et
1281 3385 1326 3444 lo-

184 3498 241 3580 qui
261 3517 350 3561 orsus
371 3508 414 3561 est
434 3499 603 3578 significat,
626 3506 724 3578 atque
746 3499 827 3561 adeo
847 3497 1014 3561 subinnuit
1032 3486 1166 3559 alterius
1188 3495 1328 3583 interro-

185 3587 317 3679 gationi,
339 3601 432 3661 nullo
453 3606 560 3661 tamen
581 3600 679 3661 buius
695 3607 855 3679 respectu.
869 3599 1108 3661 -Verborum
1124 3593 1328 3658 Christi‘sen-

187 3718 242 3762 sus
263 3705 322 3761 est:
347 3697 460 3774 Pater,
484 3718 524 3760 ex
547 3696 612 3778 quo
635 3699 765 3778 operari
788 3701 912 3778 coepit,
936 3716 1063 3777 semper
1084 3700 1238 3775 operatus
1252 3697 1325 3771 ,est,
1445 3776 1446 3780 Ἰ

187 3806 220 3862 et
240 3818 336 3880 usque
356 3800 446 3861 modo
467 3808 633 3879 operatur,
663 3801 707 3861 ita
736 3807 773 3861 ut
793 3800 905 3861 nullus
927 3799 987 3878 ipsi
1017 3799 1058 3860 sit
1083 3798 1150 3858 dies
1184 3794 1308 3856 sabbati
1315 3813 1327 3871 3

150 3887 154 3894 ⁴
190 3917 294 3978 quare
314 3917 373 3961 nec
405 3898 483 3959 mibi
504 3899 612 3960 ullum
637 3898 806 3960 sabbatum
829 3904 896 3973 est,
920 3917 986 3978 qno
1008 3916 1045 3959 ea
1072 3895 1220 3975 operari,
1248 3885 1332 3971 quae

259 4085 293 4154 (ι)
320 4087 344 4137 n
365 4085 440 4138 nsar.
461 4085 520 4152 nr,
544 4082 568 4132 1.
589 4082 646 4150 aa,
670 4081 741 4152 xu,
762 4081 805 4135 ss.
