<?xml version="1.0" encoding="UTF-8"?>
<!DOCTYPE html PUBLIC "-//W3C//DTD XHTML 1.0 Transitional//EN"
    "http://www.w3.org/TR/xhtml1/DTD/xhtml1-transitional.dtd">
<html xmlns="http://www.w3.org/1999/xhtml" xml:lang="en" lang="en">
 <head>
  <title>
</title>
<meta http-equiv="Content-Type" content="text/html;charset=utf-8" />
  <meta name='ocr-system' content='tesseract 3.04.00' />
  <meta name='ocr-capabilities' content='ocr_page ocr_carea ocr_par ocr_line ocrx_word'/>
</head>
<body>
  <div class='ocr_page' id='page_1' title='image "./franciscixaveri00patrgoog_0213.png"; bbox 0 0 2986 4912; ppageno 0'>
   <div class='ocr_carea' id='block_1_1' title="bbox 285 345 1426 570">
    <p class='ocr_par' dir='ltr' id='par_1_1' title="bbox 285 345 1426 570">
     <span class='ocr_line' id='line_1_1' title="bbox 285 345 1056 414; baseline 0 -2"><span class='ocrx_word' id='word_1_1' title='bbox 285 345 345 414; x_wconf 81' lang='lat'>198</span> <span class='ocrx_word' id='word_1_2' title='bbox 599 367 627 413; x_wconf 89' lang='lat' dir='ltr'>m</span> <span class='ocrx_word' id='word_1_3' title='bbox 650 365 786 412; x_wconf 76' lang='lat' dir='ltr'>totunm</span> <span class='ocrx_word' id='word_1_4' title='bbox 809 364 1056 413; x_wconf 79' lang='lat' dir='ltr'>corucxrxnrvu</span> 
     </span>
     <span class='ocr_line' id='line_1_2' title="bbox 335 448 1426 570; baseline 0.003 -43"><span class='ocrx_word' id='word_1_5' title='bbox 335 458 338 463; x_wconf 83' lang='lat'>&#39;</span> <span class='ocrx_word' id='word_1_6' title='bbox 387 448 439 528; x_wconf 76' lang='lat'>22</span> <span class='ocrx_word' id='word_1_7' title='bbox 466 453 515 570; x_wconf 68' lang='lat' dir='ltr'>Et</span> <span class='ocrx_word' id='word_1_8' title='bbox 542 479 609 553; x_wconf 82' lang='lat' dir='ltr'>ego</span> <span class='ocrx_word' id='word_1_9' title='bbox 624 454 842 541; x_wconf 79' lang='lat' dir='ltr'>claritatem,</span> <span class='ocrx_word' id='word_1_10' title='bbox 857 479 967 554; x_wconf 84' lang='lat' dir='ltr'>quam</span> <span class='ocrx_word' id='word_1_11' title='bbox 987 455 1117 530; x_wconf 90' lang='lat' dir='ltr'>dedisti</span> <span class='ocrx_word' id='word_1_12' title='bbox 1138 457 1240 545; x_wconf 90' lang='lat' dir='ltr'>mihi,</span> <span class='ocrx_word' id='word_1_13' title='bbox 1259 457 1344 532; x_wconf 91' lang='lat' dir='ltr'>dedi</span> <span class='ocrx_word' id='word_1_14' title='bbox 1361 456 1426 531; x_wconf 88' lang='lat' dir='ltr'>eis:</span> 
     </span>
    </p>
   </div>
   <div class='ocr_carea' id='block_1_2' title="bbox 258 568 1432 2215">
    <p class='ocr_par' dir='ltr' id='par_1_2' title="bbox 284 568 1282 668">
     <span class='ocr_line' id='line_1_3' title="bbox 284 568 1282 668; baseline 0 -13"><span class='ocrx_word' id='word_1_15' title='bbox 284 594 327 655; x_wconf 88' lang='lat' dir='ltr'>ut</span> <span class='ocrx_word' id='word_1_16' title='bbox 353 582 427 656; x_wconf 86' lang='lat' dir='ltr'>sint</span> <span class='ocrx_word' id='word_1_17' title='bbox 454 605 580 668; x_wconf 89' lang='lat' dir='ltr'>unum,</span> <span class='ocrx_word' id='word_1_18' title='bbox 601 583 695 656; x_wconf 87' lang='lat' dir='ltr'>sicut</span> <span class='ocrx_word' id='word_1_19' title='bbox 717 594 755 655; x_wconf 89' lang='lat' dir='ltr'>et</span> <span class='ocrx_word' id='word_1_20' title='bbox 775 568 848 656; x_wconf 86' lang='lat' dir='ltr'>¹nos</span> <span class='ocrx_word' id='word_1_21' title='bbox 877 606 992 657; x_wconf 92' lang='lat' dir='ltr'>uuum</span> <span class='ocrx_word' id='word_1_22' title='bbox 1022 605 1161 657; x_wconf 89' lang='lat' dir='ltr'>sumus.</span> <span class='ocrx_word' id='word_1_23' title='bbox 1279 614 1282 619; x_wconf 51' lang='lat'><strong><em>⁴</em></strong></span> 
     </span>
    </p>

    <p class='ocr_par' dir='ltr' id='par_1_3' title="bbox 284 703 1432 1052">
     <span class='ocr_line' id='line_1_4' title="bbox 369 703 1430 807; baseline 0.002 -24"><span class='ocrx_word' id='word_1_24' title='bbox 369 703 442 800; x_wconf 78' lang='grc'>23</span> <span class='ocrx_word' id='word_1_25' title='bbox 471 707 599 807; x_wconf 83' lang='lat' dir='ltr'>Egoin</span> <span class='ocrx_word' id='word_1_26' title='bbox 628 710 693 795; x_wconf 91' lang='lat' dir='ltr'>eis,</span> <span class='ocrx_word' id='word_1_27' title='bbox 723 722 761 784; x_wconf 92' lang='lat' dir='ltr'>et</span> <span class='ocrx_word' id='word_1_28' title='bbox 789 720 830 783; x_wconf 91' lang='lat' dir='ltr'>tu</span> <span class='ocrx_word' id='word_1_29' title='bbox 857 712 894 783; x_wconf 90' lang='lat' dir='ltr'>iu</span> <span class='ocrx_word' id='word_1_30' title='bbox 914 732 993 784; x_wconf 90' lang='lat' dir='ltr'>me:</span> <span class='ocrx_word' id='word_1_31' title='bbox 1012 723 1054 782; x_wconf 89' lang='lat' dir='ltr'>ut</span> <span class='ocrx_word' id='word_1_32' title='bbox 1081 710 1154 784; x_wconf 92' lang='lat' dir='ltr'>sint</span> <span class='ocrx_word' id='word_1_33' title='bbox 1181 711 1430 786; x_wconf 89' lang='lat' dir='ltr'>consummati</span> 
     </span>
     <span class='ocr_line' id='line_1_5' title="bbox 284 837 1432 938; baseline 0.005 -28"><span class='ocrx_word' id='word_1_34' title='bbox 284 837 472 911; x_wconf 90' lang='lat' dir='ltr'>inunum:</span> <span class='ocrx_word' id='word_1_35' title='bbox 502 852 541 913; x_wconf 90' lang='lat' dir='ltr'>et</span> <span class='ocrx_word' id='word_1_36' title='bbox 560 851 754 936; x_wconf 84' lang='lat' dir='ltr'>cognoscat</span> <span class='ocrx_word' id='word_1_37' title='bbox 781 839 937 913; x_wconf 91' lang='lat' dir='ltr'>mundus</span> <span class='ocrx_word' id='word_1_38' title='bbox 960 840 1045 938; x_wconf 88' lang='lat' dir='ltr'>quia</span> <span class='ocrx_word' id='word_1_39' title='bbox 1075 852 1117 914; x_wconf 91' lang='lat' dir='ltr'>tu</span> <span class='ocrx_word' id='word_1_40' title='bbox 1144 863 1202 913; x_wconf 91' lang='lat' dir='ltr'>me</span> <span class='ocrx_word' id='word_1_41' title='bbox 1222 840 1374 924; x_wconf 83' lang='lat' dir='ltr'>misisti,</span> <span class='ocrx_word' id='word_1_42' title='bbox 1394 854 1432 916; x_wconf 88' lang='lat' dir='ltr'>et</span> 
     </span>
     <span class='ocr_line' id='line_1_6' title="bbox 284 965 1023 1052; baseline 0 -13"><span class='ocrx_word' id='word_1_43' title='bbox 284 965 442 1040; x_wconf 85' lang='lat' dir='ltr'>dilexisti</span> <span class='ocrx_word' id='word_1_44' title='bbox 470 989 546 1052; x_wconf 89' lang='lat' dir='ltr'>eos,</span> <span class='ocrx_word' id='word_1_45' title='bbox 575 968 670 1042; x_wconf 89' lang='lat' dir='ltr'>siout</span> <span class='ocrx_word' id='word_1_46' title='bbox 697 980 734 1042; x_wconf 90' lang='lat' dir='ltr'>et</span> <span class='ocrx_word' id='word_1_47' title='bbox 761 990 821 1042; x_wconf 90' lang='lat' dir='ltr'>me</span> <span class='ocrx_word' id='word_1_48' title='bbox 850 966 1023 1042; x_wconf 84' lang='lat' dir='ltr'>dilexisti.</span> 
     </span>
    </p>

    <p class='ocr_par' dir='ltr' id='par_1_4' title="bbox 258 1088 1429 1550">
     <span class='ocr_line' id='line_1_7' title="bbox 390 1088 1428 1194; baseline 0.003 -27"><span class='ocrx_word' id='word_1_49' title='bbox 390 1088 444 1167; x_wconf 59' lang='lat' dir='ltr'>dl</span> <span class='ocrx_word' id='word_1_50' title='bbox 472 1094 594 1182; x_wconf 86' lang='lat' dir='ltr'>Pater,</span> <span class='ocrx_word' id='word_1_51' title='bbox 621 1117 712 1192; x_wconf 90' lang='lat' dir='ltr'>quos</span> <span class='ocrx_word' id='word_1_52' title='bbox 726 1095 858 1169; x_wconf 89' lang='lat' dir='ltr'>dedisti</span> <span class='ocrx_word' id='word_1_53' title='bbox 874 1095 976 1177; x_wconf 88' lang='lat' dir='ltr'>mihi,</span> <span class='ocrx_word' id='word_1_54' title='bbox 992 1096 1075 1169; x_wconf 91' lang='lat' dir='ltr'>volo</span> <span class='ocrx_word' id='word_1_55' title='bbox 1103 1106 1145 1170; x_wconf 93' lang='lat' dir='ltr'>ut</span> <span class='ocrx_word' id='word_1_56' title='bbox 1165 1094 1225 1169; x_wconf 92' lang='lat' dir='ltr'>ubi</span> <span class='ocrx_word' id='word_1_57' title='bbox 1240 1119 1323 1169; x_wconf 92' lang='lat' dir='ltr'>sum</span> <span class='ocrx_word' id='word_1_58' title='bbox 1344 1120 1428 1194; x_wconf 83' lang='lat' dir='ltr'>ego,</span> 
     </span>
     <span class='ocr_line' id='line_1_8' title="bbox 283 1221 1428 1321; baseline 0.002 -27"><span class='ocrx_word' id='word_1_59' title='bbox 283 1233 322 1294; x_wconf 92' lang='lat' dir='ltr'>et</span> <span class='ocrx_word' id='word_1_60' title='bbox 349 1221 401 1293; x_wconf 94' lang='lat' dir='ltr'>illi</span> <span class='ocrx_word' id='word_1_61' title='bbox 429 1221 501 1297; x_wconf 91' lang='lat' dir='ltr'>sint</span> <span class='ocrx_word' id='word_1_62' title='bbox 529 1245 675 1298; x_wconf 88' lang='lat' dir='ltr'>meum:</span> <span class='ocrx_word' id='word_1_63' title='bbox 705 1235 746 1298; x_wconf 91' lang='lat' dir='ltr'>ut</span> <span class='ocrx_word' id='word_1_64' title='bbox 774 1223 923 1297; x_wconf 90' lang='lat' dir='ltr'>videant</span> <span class='ocrx_word' id='word_1_65' title='bbox 938 1223 1142 1296; x_wconf 88' lang='lat' dir='ltr'>claritatem</span> <span class='ocrx_word' id='word_1_66' title='bbox 1164 1246 1299 1309; x_wconf 91' lang='lat' dir='ltr'>meam,</span> <span class='ocrx_word' id='word_1_67' title='bbox 1316 1248 1428 1321; x_wconf 89' lang='lat' dir='ltr'>quam</span> 
     </span>
     <span class='ocr_line' id='line_1_9' title="bbox 283 1348 1429 1448; baseline 0.003 -26"><span class='ocrx_word' id='word_1_68' title='bbox 283 1349 416 1422; x_wconf 89' lang='lat' dir='ltr'>dedisti</span> <span class='ocrx_word' id='word_1_69' title='bbox 456 1348 572 1422; x_wconf 92' lang='lat' dir='ltr'>mihi:</span> <span class='ocrx_word' id='word_1_70' title='bbox 602 1350 686 1448; x_wconf 90' lang='lat' dir='ltr'>quia</span> <span class='ocrx_word' id='word_1_71' title='bbox 713 1350 873 1425; x_wconf 80' lang='lat' dir='ltr'>dilexisti</span> <span class='ocrx_word' id='word_1_72' title='bbox 918 1373 976 1423; x_wconf 91' lang='lat' dir='ltr'>me</span> <span class='ocrx_word' id='word_1_73' title='bbox 1011 1360 1095 1424; x_wconf 88' lang='lat' dir='ltr'>ante</span> <span class='ocrx_word' id='word_1_74' title='bbox 1128 1351 1429 1426; x_wconf 88' lang='lat' dir='ltr'>constitutionem</span> 
     </span>
     <span class='ocr_line' id='line_1_10' title="bbox 258 1477 422 1550; baseline -0.012 0"><span class='ocrx_word' id='word_1_75' title='bbox 258 1477 422 1550; x_wconf 13' lang='lat' dir='ltr'>emundi.</span> 
     </span>
    </p>

    <p class='ocr_par' dir='ltr' id='par_1_5' title="bbox 289 1600 1431 1831">
     <span class='ocr_line' id='line_1_11' title="bbox 392 1600 1431 1704; baseline 0.002 -24"><span class='ocrx_word' id='word_1_76' title='bbox 392 1600 444 1680; x_wconf 76' lang='lat'>25</span> <span class='ocrx_word' id='word_1_77' title='bbox 473 1605 582 1681; x_wconf 88' lang='lat' dir='ltr'>Pater</span> <span class='ocrx_word' id='word_1_78' title='bbox 609 1606 727 1692; x_wconf 88' lang='lat' dir='ltr'>iuste,</span> <span class='ocrx_word' id='word_1_79' title='bbox 756 1607 911 1681; x_wconf 89' lang='lat' dir='ltr'>mundus</span> <span class='ocrx_word' id='word_1_80' title='bbox 928 1619 964 1680; x_wconf 90' lang='lat' dir='ltr'>te</span> <span class='ocrx_word' id='word_1_81' title='bbox 983 1630 1055 1681; x_wconf 90' lang='lat' dir='ltr'>non</span> <span class='ocrx_word' id='word_1_82' title='bbox 1075 1607 1255 1704; x_wconf 82' lang='lat' dir='ltr'>cognovit.</span> <span class='ocrx_word' id='word_1_83' title='bbox 1273 1630 1342 1704; x_wconf 82' lang='lat' dir='ltr'>ego</span> <span class='ocrx_word' id='word_1_84' title='bbox 1367 1631 1431 1682; x_wconf 88' lang='lat' dir='ltr'>au-</span> 
     </span>
     <span class='ocr_line' id='line_1_12' title="bbox 289 1728 1429 1831; baseline 0.001 -24"><span class='ocrx_word' id='word_1_85' title='bbox 289 1728 365 1807; x_wconf 85' lang='lat' dir='ltr'>tem</span> <span class='ocrx_word' id='word_1_86' title='bbox 393 1744 431 1807; x_wconf 88' lang='lat' dir='ltr'>te</span> <span class='ocrx_word' id='word_1_87' title='bbox 451 1733 615 1830; x_wconf 80' lang='lat' dir='ltr'>cognovi:</span> <span class='ocrx_word' id='word_1_88' title='bbox 649 1733 742 1806; x_wconf 89' lang='lat' dir='ltr'>ethi</span> <span class='ocrx_word' id='word_1_89' title='bbox 771 1747 1028 1830; x_wconf 80' lang='lat' dir='ltr'>cognoverunt,</span> <span class='ocrx_word' id='word_1_90' title='bbox 1044 1735 1127 1831; x_wconf 87' lang='lat' dir='ltr'>quia</span> <span class='ocrx_word' id='word_1_91' title='bbox 1150 1746 1191 1807; x_wconf 86' lang='lat' dir='ltr'>tu</span> <span class='ocrx_word' id='word_1_92' title='bbox 1207 1757 1265 1808; x_wconf 89' lang='lat' dir='ltr'>me</span> <span class='ocrx_word' id='word_1_93' title='bbox 1280 1734 1429 1808; x_wconf 89' lang='lat' dir='ltr'>misisti.</span> 
     </span>
    </p>

    <p class='ocr_par' dir='ltr' id='par_1_6' title="bbox 288 1854 1431 2215">
     <span class='ocr_line' id='line_1_13' title="bbox 393 1854 1431 1950; baseline 0.002 -16"><span class='ocrx_word' id='word_1_94' title='bbox 393 1854 446 1934; x_wconf 77' lang='lat'>26</span> <span class='ocrx_word' id='word_1_95' title='bbox 473 1860 522 1934; x_wconf 86' lang='lat' dir='ltr'>Et</span> <span class='ocrx_word' id='word_1_96' title='bbox 549 1875 676 1936; x_wconf 90' lang='lat' dir='ltr'>notum</span> <span class='ocrx_word' id='word_1_97' title='bbox 695 1860 764 1936; x_wconf 84' lang='lat' dir='ltr'>feci</span> <span class='ocrx_word' id='word_1_98' title='bbox 780 1862 832 1934; x_wconf 92' lang='lat' dir='ltr'>eis</span> <span class='ocrx_word' id='word_1_99' title='bbox 861 1885 994 1935; x_wconf 91' lang='lat' dir='ltr'>nomen</span> <span class='ocrx_word' id='word_1_100' title='bbox 1013 1873 1130 1950; x_wconf 90' lang='lat' dir='ltr'>tuum,</span> <span class='ocrx_word' id='word_1_101' title='bbox 1160 1874 1198 1936; x_wconf 86' lang='lat' dir='ltr'>et</span> <span class='ocrx_word' id='word_1_102' title='bbox 1225 1873 1357 1936; x_wconf 89' lang='lat' dir='ltr'>notum</span> <span class='ocrx_word' id='word_1_103' title='bbox 1373 1862 1431 1936; x_wconf 87' lang='lat' dir='ltr'>fa-</span> 
     </span>
     <span class='ocr_line' id='line_1_14' title="bbox 289 1989 1430 2090; baseline 0.003 -28"><span class='ocrx_word' id='word_1_104' title='bbox 289 1989 394 2062; x_wconf 87' lang='lat' dir='ltr'>ciam:</span> <span class='ocrx_word' id='word_1_105' title='bbox 413 2001 466 2064; x_wconf 86' lang='lat' dir='ltr'>¹ut</span> <span class='ocrx_word' id='word_1_106' title='bbox 492 1989 651 2078; x_wconf 90' lang='lat' dir='ltr'>dilectio,</span> <span class='ocrx_word' id='word_1_107' title='bbox 680 2013 751 2088; x_wconf 93' lang='lat' dir='ltr'>qua</span> <span class='ocrx_word' id='word_1_108' title='bbox 779 1989 937 2064; x_wconf 81' lang='lat' dir='ltr'>dilexisti</span> <span class='ocrx_word' id='word_1_109' title='bbox 953 2013 1011 2063; x_wconf 90' lang='lat' dir='ltr'>me</span> <span class='ocrx_word' id='word_1_110' title='bbox 1029 1990 1091 2077; x_wconf 89' lang='lat' dir='ltr'>,in</span> <span class='ocrx_word' id='word_1_111' title='bbox 1119 1990 1210 2090; x_wconf 88' lang='lat' dir='ltr'>ipsis</span> <span class='ocrx_word' id='word_1_112' title='bbox 1225 1990 1288 2079; x_wconf 87' lang='lat' dir='ltr'>sit,</span> <span class='ocrx_word' id='word_1_113' title='bbox 1309 2002 1349 2066; x_wconf 89' lang='lat' dir='ltr'>et</span> <span class='ocrx_word' id='word_1_114' title='bbox 1364 2015 1430 2090; x_wconf 81' lang='lat' dir='ltr'>ego</span> 
     </span>
     <span class='ocr_line' id='line_1_15' title="bbox 288 2140 455 2215; baseline 0.012 -26"><span class='ocrx_word' id='word_1_115' title='bbox 288 2140 325 2190; x_wconf 93' lang='lat' dir='ltr'>1n</span> <span class='ocrx_word' id='word_1_116' title='bbox 352 2141 455 2215; x_wconf 88' lang='lat' dir='ltr'>rpsrs.</span> 
     </span>
    </p>
   </div>
   <div class='ocr_carea' id='block_1_3' title="bbox 738 2586 992 2640">
    <p class='ocr_par' dir='ltr' id='par_1_7' title="bbox 738 2586 992 2640">
     <span class='ocr_line' id='line_1_16' title="bbox 738 2586 992 2640; baseline -0.004 -1"><span class='ocrx_word' id='word_1_117' title='bbox 738 2586 992 2640; x_wconf 77' lang='lat' dir='ltr'>conusnrnutvtt</span> 
     </span>
    </p>
   </div>
   <div class='ocr_carea' id='block_1_4' title="bbox 292 2815 1436 4277">
    <p class='ocr_par' dir='ltr' id='par_1_8' title="bbox 292 2815 1434 3470">
     <span class='ocr_line' id='line_1_17' title="bbox 296 2815 1432 2959; baseline 0.001 -20"><span class='ocrx_word' id='word_1_118' title='bbox 296 2815 467 2942; x_wconf 74' lang='lat' dir='ltr'>Christus</span> <span class='ocrx_word' id='word_1_119' title='bbox 488 2879 552 2942; x_wconf 90' lang='lat' dir='ltr'>iam</span> <span class='ocrx_word' id='word_1_120' title='bbox 572 2900 636 2943; x_wconf 93' lang='lat' dir='ltr'>non</span> <span class='ocrx_word' id='word_1_121' title='bbox 666 2881 755 2944; x_wconf 87' lang='lat' dir='ltr'>ultra</span> <span class='ocrx_word' id='word_1_122' title='bbox 788 2899 863 2942; x_wconf 92' lang='lat' dir='ltr'>cum</span> <span class='ocrx_word' id='word_1_123' title='bbox 894 2879 1058 2959; x_wconf 85' lang='lat' dir='ltr'>discipulis</span> <span class='ocrx_word' id='word_1_124' title='bbox 1082 2879 1254 2958; x_wconf 86' lang='lat' dir='ltr'>loquitur,</span> <span class='ocrx_word' id='word_1_125' title='bbox 1277 2879 1335 2942; x_wconf 91' lang='lat' dir='ltr'>sed</span> <span class='ocrx_word' id='word_1_126' title='bbox 1358 2898 1432 2942; x_wconf 88' lang='lat' dir='ltr'>cum</span> 
     </span>
     <span class='ocr_line' id='line_1_18' title="bbox 294 2979 1433 3062; baseline 0.002 -22"><span class='ocrx_word' id='word_1_127' title='bbox 294 2985 398 3058; x_wconf 89' lang='lat' dir='ltr'>patre.</span> <span class='ocrx_word' id='word_1_128' title='bbox 422 2979 537 3061; x_wconf 91' lang='lat' dir='ltr'>Neque</span> <span class='ocrx_word' id='word_1_129' title='bbox 568 2982 673 3045; x_wconf 87' lang='lat' dir='ltr'>oratio</span> <span class='ocrx_word' id='word_1_130' title='bbox 704 2983 815 3062; x_wconf 88' lang='lat' dir='ltr'>aliqua</span> <span class='ocrx_word' id='word_1_131' title='bbox 846 2983 927 3044; x_wconf 90' lang='lat' dir='ltr'>haec</span> <span class='ocrx_word' id='word_1_132' title='bbox 948 2988 997 3043; x_wconf 90' lang='lat' dir='ltr'>est</span> <span class='ocrx_word' id='word_1_133' title='bbox 1017 2985 1075 3043; x_wconf 85' lang='lat' dir='ltr'>aut</span> <span class='ocrx_word' id='word_1_134' title='bbox 1095 2981 1358 3060; x_wconf 82' lang='lat' dir='ltr'>argumentatio,</span> <span class='ocrx_word' id='word_1_135' title='bbox 1381 2981 1433 3045; x_wconf 90' lang='lat' dir='ltr'>sed</span> 
     </span>
     <span class='ocr_line' id='line_1_19' title="bbox 295 3081 1430 3166; baseline 0.004 -26"><span class='ocrx_word' id='word_1_136' title='bbox 295 3081 420 3143; x_wconf 87' lang='lat' dir='ltr'>fervida</span> <span class='ocrx_word' id='word_1_137' title='bbox 442 3084 602 3162; x_wconf 89' lang='lat' dir='ltr'>quaedam</span> <span class='ocrx_word' id='word_1_138' title='bbox 622 3085 788 3166; x_wconf 87' lang='lat' dir='ltr'>precatio,</span> <span class='ocrx_word' id='word_1_139' title='bbox 811 3084 844 3143; x_wconf 92' lang='lat' dir='ltr'>in</span> <span class='ocrx_word' id='word_1_140' title='bbox 866 3102 930 3162; x_wconf 87' lang='lat' dir='ltr'>qua</span> <span class='ocrx_word' id='word_1_141' title='bbox 955 3082 1127 3146; x_wconf 77' lang='lat' dir='ltr'>viridiores</span> <span class='ocrx_word' id='word_1_142' title='bbox 1155 3083 1252 3144; x_wconf 91' lang='lat' dir='ltr'>animi</span> <span class='ocrx_word' id='word_1_143' title='bbox 1273 3082 1430 3158; x_wconf 83' lang='lat' dir='ltr'>affectus,</span> 
     </span>
     <span class='ocr_line' id='line_1_20' title="bbox 294 3180 1431 3265; baseline 0.004 -23"><span class='ocrx_word' id='word_1_144' title='bbox 294 3181 413 3260; x_wconf 91' lang='lat' dir='ltr'>quibus</span> <span class='ocrx_word' id='word_1_145' title='bbox 433 3202 471 3246; x_wconf 91' lang='lat' dir='ltr'>ea</span> <span class='ocrx_word' id='word_1_146' title='bbox 491 3185 586 3265; x_wconf 87' lang='lat' dir='ltr'>plena</span> <span class='ocrx_word' id='word_1_147' title='bbox 608 3194 656 3248; x_wconf 87' lang='lat' dir='ltr'>est</span> <span class='ocrx_word' id='word_1_148' title='bbox 675 3194 708 3247; x_wconf 86' lang='lat' dir='ltr'>ct</span> <span class='ocrx_word' id='word_1_149' title='bbox 728 3185 845 3264; x_wconf 91' lang='lat' dir='ltr'>quibus</span> <span class='ocrx_word' id='word_1_150' title='bbox 868 3180 1035 3259; x_wconf 83' lang='lat' dir='ltr'>Christus,</span> <span class='ocrx_word' id='word_1_151' title='bbox 1059 3202 1161 3262; x_wconf 91' lang='lat' dir='ltr'>quum</span> <span class='ocrx_word' id='word_1_152' title='bbox 1182 3201 1254 3244; x_wconf 88' lang='lat' dir='ltr'>cam</span> <span class='ocrx_word' id='word_1_153' title='bbox 1273 3183 1431 3259; x_wconf 88' lang='lat' dir='ltr'>haberet,</span> 
     </span>
     <span class='ocr_line' id='line_1_21' title="bbox 292 3284 1434 3366; baseline 0.001 -23"><span class='ocrx_word' id='word_1_154' title='bbox 292 3285 461 3362; x_wconf 83' lang='lat' dir='ltr'>agebatur,</span> <span class='ocrx_word' id='word_1_155' title='bbox 478 3288 609 3349; x_wconf 86' lang='lat' dir='ltr'>notandi</span> <span class='ocrx_word' id='word_1_156' title='bbox 629 3295 704 3350; x_wconf 88' lang='lat' dir='ltr'>sunt</span> <span class='ocrx_word' id='word_1_157' title='bbox 719 3296 751 3349; x_wconf 88' lang='lat' dir='ltr'>et</span> <span class='ocrx_word' id='word_1_158' title='bbox 765 3286 1000 3362; x_wconf 85' lang='lat' dir='ltr'>considerandi,</span> <span class='ocrx_word' id='word_1_159' title='bbox 1017 3284 1239 3366; x_wconf 87' lang='lat' dir='ltr'>potiusquam</span> <span class='ocrx_word' id='word_1_160' title='bbox 1257 3285 1340 3346; x_wconf 92' lang='lat' dir='ltr'>ordo</span> <span class='ocrx_word' id='word_1_161' title='bbox 1363 3302 1434 3347; x_wconf 91' lang='lat' dir='ltr'>con·</span> 
     </span>
     <span class='ocr_line' id='line_1_22' title="bbox 295 3386 1364 3470; baseline 0 -24"><span class='ocrx_word' id='word_1_162' title='bbox 295 3403 465 3467; x_wconf 88' lang='lat' dir='ltr'>nexusque</span> <span class='ocrx_word' id='word_1_163' title='bbox 485 3389 648 3452; x_wconf 87' lang='lat' dir='ltr'>dictorum</span> <span class='ocrx_word' id='word_1_164' title='bbox 670 3389 889 3470; x_wconf 89' lang='lat' dir='ltr'>quaerendus,</span> <span class='ocrx_word' id='word_1_165' title='bbox 914 3387 1042 3449; x_wconf 85' lang='lat' dir='ltr'>tametsi</span> <span class='ocrx_word' id='word_1_166' title='bbox 1062 3405 1126 3448; x_wconf 91' lang='lat' dir='ltr'>non</span> <span class='ocrx_word' id='word_1_167' title='bbox 1147 3386 1364 3449; x_wconf 87' lang='lat' dir='ltr'>desideretur.</span> 
     </span>
    </p>

    <p class='ocr_par' dir='ltr' id='par_1_9' title="bbox 292 3483 1436 3774">
     <span class='ocr_line' id='line_1_23' title="bbox 375 3483 1436 3571; baseline -0.006 -19"><span class='ocrx_word' id='word_1_168' title='bbox 375 3486 522 3553; x_wconf 86' lang='lat' dir='ltr'>Christus</span> <span class='ocrx_word' id='word_1_169' title='bbox 543 3498 668 3571; x_wconf 91' lang='lat' dir='ltr'>patrem</span> <span class='ocrx_word' id='word_1_170' title='bbox 688 3495 848 3571; x_wconf 88' lang='lat' dir='ltr'>precatur</span> <span class='ocrx_word' id='word_1_171' title='bbox 872 3490 979 3570; x_wconf 89' lang='lat' dir='ltr'>primo</span> <span class='ocrx_word' id='word_1_172' title='bbox 999 3506 1060 3568; x_wconf 91' lang='lat' dir='ltr'>pro</span> <span class='ocrx_word' id='word_1_173' title='bbox 1080 3507 1114 3550; x_wconf 90' lang='lat' dir='ltr'>se</span> <span class='ocrx_word' id='word_1_174' title='bbox 1135 3507 1188 3552; x_wconf 83' lang='lat' dir='ltr'>vv.</span> <span class='ocrx_word' id='word_1_175' title='bbox 1210 3483 1300 3563; x_wconf 85' lang='grc'><strong>1-6,</strong></span> <span class='ocrx_word' id='word_1_176' title='bbox 1324 3485 1436 3548; x_wconf 91' lang='lat' dir='ltr'>deinde</span> 
     </span>
     <span class='ocr_line' id='line_1_24' title="bbox 292 3588 1436 3672; baseline 0 -23"><span class='ocrx_word' id='word_1_177' title='bbox 292 3607 353 3668; x_wconf 90' lang='lat' dir='ltr'>pro</span> <span class='ocrx_word' id='word_1_178' title='bbox 375 3589 539 3671; x_wconf 87' lang='lat' dir='ltr'>discipulis</span> <span class='ocrx_word' id='word_1_179' title='bbox 565 3601 593 3653; x_wconf 85' lang='lat' dir='ltr'>et</span> <span class='ocrx_word' id='word_1_180' title='bbox 618 3611 679 3670; x_wconf 86' lang='lat' dir='ltr'>pro</span> <span class='ocrx_word' id='word_1_181' title='bbox 701 3590 745 3652; x_wconf 82' lang='lat' dir='ltr'>eis</span> <span class='ocrx_word' id='word_1_182' title='bbox 767 3588 823 3672; x_wconf 81' lang='lat' dir='ltr'>qui</span> <span class='ocrx_word' id='word_1_183' title='bbox 844 3588 998 3652; x_wconf 81' lang='lat' dir='ltr'>credituri</span> <span class='ocrx_word' id='word_1_184' title='bbox 1018 3597 1092 3650; x_wconf 82' lang='lat' dir='ltr'>sunt</span> <span class='ocrx_word' id='word_1_185' title='bbox 1106 3609 1166 3669; x_wconf 84' lang='lat' dir='ltr'>per</span> <span class='ocrx_word' id='word_1_186' title='bbox 1185 3589 1311 3650; x_wconf 78' lang='lat' dir='ltr'>verbum</span> <span class='ocrx_word' id='word_1_187' title='bbox 1333 3607 1436 3650; x_wconf 81' lang='lat' dir='ltr'>rorem</span> 
     </span>
     <span class='ocr_line' id='line_1_25' title="bbox 294 3689 662 3774; baseline 0.014 -22"><span class='ocrx_word' id='word_1_188' title='bbox 294 3689 331 3753; x_wconf 83' lang='lat' dir='ltr'>in</span> <span class='ocrx_word' id='word_1_189' title='bbox 352 3693 457 3774; x_wconf 91' lang='lat' dir='ltr'>ipsum</span> <span class='ocrx_word' id='word_1_190' title='bbox 479 3714 532 3758; x_wconf 87' lang='lat' dir='ltr'>vv.</span> <span class='ocrx_word' id='word_1_191' title='bbox 556 3692 662 3759; x_wconf 79' lang='lat'>6-26.</span> 
     </span>
    </p>

    <p class='ocr_par' dir='ltr' id='par_1_10' title="bbox 294 3791 1436 4277">
     <span class='ocr_line' id='line_1_26' title="bbox 376 3791 1433 3875; baseline -0.003 -20"><span class='ocrx_word' id='word_1_192' title='bbox 376 3791 491 3874; x_wconf 87' lang='lat' dir='ltr'>ltaque</span> <span class='ocrx_word' id='word_1_193' title='bbox 512 3795 571 3856; x_wconf 91' lang='lat' dir='ltr'>sihi</span> <span class='ocrx_word' id='word_1_194' title='bbox 596 3795 732 3874; x_wconf 84' lang='lat' dir='ltr'>gloriam</span> <span class='ocrx_word' id='word_1_195' title='bbox 757 3795 904 3875; x_wconf 84' lang='lat' dir='ltr'>postulat</span> <span class='ocrx_word' id='word_1_196' title='bbox 928 3812 960 3857; x_wconf 87' lang='lat' dir='ltr'>v.</span> <span class='ocrx_word' id='word_1_197' title='bbox 987 3791 1018 3868; x_wconf 84' lang='lat' dir='ltr'>l,</span> <span class='ocrx_word' id='word_1_198' title='bbox 1031 3827 1071 3836; x_wconf 93' lang='lat'><em>-</em></span> <span class='ocrx_word' id='word_1_199' title='bbox 1085 3811 1168 3872; x_wconf 89' lang='lat' dir='ltr'>quae</span> <span class='ocrx_word' id='word_1_200' title='bbox 1183 3811 1244 3854; x_wconf 88' lang='lat' dir='ltr'>cur</span> <span class='ocrx_word' id='word_1_201' title='bbox 1264 3792 1433 3866; x_wconf 85' lang='lat' dir='ltr'>debeatur,</span> 
     </span>
     <span class='ocr_line' id='line_1_27' title="bbox 294 3891 1436 3974; baseline -0.001 -20"><span class='ocrx_word' id='word_1_202' title='bbox 294 3912 439 3956; x_wconf 89' lang='lat' dir='ltr'>caussam</span> <span class='ocrx_word' id='word_1_203' title='bbox 462 3895 686 3974; x_wconf 88' lang='lat' dir='ltr'>rationemque</span> <span class='ocrx_word' id='word_1_204' title='bbox 704 3895 860 3958; x_wconf 91' lang='lat' dir='ltr'>continuo</span> <span class='ocrx_word' id='word_1_205' title='bbox 883 3894 988 3956; x_wconf 83' lang='lat' dir='ltr'>allent.</span> <span class='ocrx_word' id='word_1_206' title='bbox 1005 3891 1096 3974; x_wconf 91' lang='lat' dir='ltr'>Opus</span> <span class='ocrx_word' id='word_1_207' title='bbox 1111 3900 1237 3973; x_wconf 82' lang='lat' dir='ltr'>apatre</span> <span class='ocrx_word' id='word_1_208' title='bbox 1257 3892 1318 3972; x_wconf 91' lang='lat' dir='ltr'>ipsi</span> <span class='ocrx_word' id='word_1_209' title='bbox 1340 3892 1436 3954; x_wconf 82' lang='lat' dir='ltr'>luisse</span> 
     </span>
     <span class='ocr_line' id='line_1_28' title="bbox 296 3991 1435 4076; baseline -0.001 -21"><span class='ocrx_word' id='word_1_210' title='bbox 296 3995 524 4058; x_wconf 87' lang='lat' dir='ltr'>demandatum</span> <span class='ocrx_word' id='word_1_211' title='bbox 544 4015 576 4059; x_wconf 84' lang='lat' dir='ltr'>v.</span> <span class='ocrx_word' id='word_1_212' title='bbox 599 3995 630 4071; x_wconf 79' lang='lat'>2,</span> <span class='ocrx_word' id='word_1_213' title='bbox 647 3997 785 4076; x_wconf 88' lang='lat' dir='ltr'>-quod</span> <span class='ocrx_word' id='word_1_214' title='bbox 804 3997 901 4075; x_wconf 87' lang='lat' dir='ltr'>qualo</span> <span class='ocrx_word' id='word_1_215' title='bbox 923 3995 1034 4070; x_wconf 83' lang='lat' dir='ltr'>luerit,</span> <span class='ocrx_word' id='word_1_216' title='bbox 1058 3993 1199 4075; x_wconf 88' lang='lat' dir='ltr'>explicat</span> <span class='ocrx_word' id='word_1_217' title='bbox 1219 4013 1251 4056; x_wconf 86' lang='lat' dir='ltr'>v.</span> <span class='ocrx_word' id='word_1_218' title='bbox 1273 3991 1307 4072; x_wconf 76' lang='lat'>33</span> <span class='ocrx_word' id='word_1_219' title='bbox 1323 3996 1364 4038; x_wconf 70' lang='lat'>‘-</span> <span class='ocrx_word' id='word_1_220' title='bbox 1378 3995 1435 4054; x_wconf 90' lang='lat' dir='ltr'>hoc</span> 
     </span>
     <span class='ocr_line' id='line_1_29' title="bbox 296 4093 1435 4178; baseline -0.005 -20"><span class='ocrx_word' id='word_1_221' title='bbox 296 4116 330 4158; x_wconf 90' lang='lat' dir='ltr'>so</span> <span class='ocrx_word' id='word_1_222' title='bbox 351 4098 414 4157; x_wconf 88' lang='lat' dir='ltr'>iam</span> <span class='ocrx_word' id='word_1_223' title='bbox 438 4098 611 4177; x_wconf 84' lang='lat' dir='ltr'>perfecisse</span> <span class='ocrx_word' id='word_1_224' title='bbox 634 4117 663 4160; x_wconf 87' lang='lat' dir='ltr'>v.</span> <span class='ocrx_word' id='word_1_225' title='bbox 685 4095 772 4178; x_wconf 79' lang='lat' dir='ltr'>l3—</span> <span class='ocrx_word' id='word_1_226' title='bbox 790 4115 905 4177; x_wconf 83' lang='lat' dir='ltr'>rogare</span> <span class='ocrx_word' id='word_1_227' title='bbox 938 4114 1016 4175; x_wconf 82' lang='lat' dir='ltr'>crgo</span> <span class='ocrx_word' id='word_1_228' title='bbox 1038 4102 1076 4157; x_wconf 90' lang='lat' dir='ltr'>ut</span> <span class='ocrx_word' id='word_1_229' title='bbox 1096 4096 1212 4157; x_wconf 89' lang='lat' dir='ltr'>merita</span> <span class='ocrx_word' id='word_1_230' title='bbox 1244 4095 1350 4174; x_wconf 84' lang='lat' dir='ltr'>gloria</span> <span class='ocrx_word' id='word_1_231' title='bbox 1381 4093 1435 4157; x_wconf 88' lang='lat' dir='ltr'>sibi</span> 
     </span>
     <span class='ocr_line' id='line_1_30' title="bbox 299 4195 1435 4277; baseline -0.003 -20"><span class='ocrx_word' id='word_1_232' title='bbox 299 4197 396 4260; x_wconf 87' lang='lat' dir='ltr'>detur</span> <span class='ocrx_word' id='word_1_233' title='bbox 417 4217 448 4260; x_wconf 87' lang='lat' dir='ltr'>v.</span> <span class='ocrx_word' id='word_1_234' title='bbox 470 4195 500 4260; x_wconf 82' lang='lat'>5.</span> <span class='ocrx_word' id='word_1_235' title='bbox 526 4230 566 4242; x_wconf 93' lang='lat'>—-</span> <span class='ocrx_word' id='word_1_236' title='bbox 588 4195 693 4275; x_wconf 85' lang='lat' dir='ltr'>Tum,</span> <span class='ocrx_word' id='word_1_237' title='bbox 717 4197 966 4262; x_wconf 83' lang='lat' dir='ltr'>confirmationis</span> <span class='ocrx_word' id='word_1_238' title='bbox 988 4197 1111 4276; x_wconf 82' lang='lat' dir='ltr'>gratia,</span> <span class='ocrx_word' id='word_1_239' title='bbox 1135 4196 1299 4277; x_wconf 91' lang='lat' dir='ltr'>quomodo</span> <span class='ocrx_word' id='word_1_240' title='bbox 1322 4202 1435 4276; x_wconf 84' lang='lat' dir='ltr'>atquo</span> 
     </span>
    </p>
   </div>
   <div class='ocr_carea' id='block_1_5' title="bbox 0 0 1498 4912">
    <p class='ocr_par' dir='ltr' id='par_1_11' title="bbox 0 0 1498 4912">
     <span class='ocr_line' id='line_1_31' title="bbox 0 0 1498 4912; baseline 0 0"><span class='ocrx_word' id='word_1_241' title='bbox 0 0 1498 4912; x_wconf 95' lang='lat' dir='ltr'> </span> 
     </span>
    </p>
   </div>
  </div>
 </body>
</html>
