2986 4912
284 287 327 353 68
631 301 662 348 ιιι
683 301 818 348 mamm
840 301 1087 347 consecramus

395 385 442 465 71
474 390 675 489 Respondit
703 391 756 464 eis
784 389 896 464 Iesus:
917 387 1041 464 Nonne
1060 411 1127 486 ego
1144 411 1209 462 vos
1226 388 1420 464 duodecim

289 520 394 618 elegi:
424 533 535 594 etex
563 517 666 593 vobis
694 542 786 591 unus
814 515 979 590 diabolus
1006 513 1099 590 est?

395 640 447 720 72
474 644 626 720 Dicebat
644 658 766 718 autem
796 643 919 717 Iudam
939 641 1095 715 Simonis
1113 642 1338 716 Iscariotem:
1356 643 1422 716 hic

289 775 385 847 enim
412 788 492 849 erat
518 774 717 849 traditurus
745 795 842 858 eum,
871 795 953 845 cum
981 785 1080 845 esset
1120 796 1214 846 unus
1252 795 1299 846 ex
1325 772 1420 846 duo-

290 901 420 977 decim.

725 1463 975 1515 conuertuntur

295 1799 326 1841 v.
350 1777 380 1843 l.
407 1718 597 1870 Quantum
617 1780 771 1860 temporis
791 1786 864 1860 post
883 1780 1039 1845 sollemne
1052 1780 1259 1860 scenopegiae
1273 1776 1426 1843 Christus

294 1881 362 1944 sive
383 1879 628 1963 Hierosolymae
647 1881 715 1944 sive
735 1881 767 1943 in
788 1881 852 1942 alia
872 1868 1011 1943 Iudaeae
1029 1881 1111 1942 urhe
1136 1879 1304 1956 manserit,
1326 1900 1427 1944 evan·

295 1982 428 2061 gelistae
447 2000 511 2044 non
531 1981 662 2063 dicunt3
684 1989 759 2046 sunt
778 1988 888 2045 autem
909 2001 1040 2046 caussae
1061 2001 1122 2047 cur
1141 1982 1310 2046 credamus
1332 2004 1424 2061 enm,

294 2084 386 2148 brevi
406 2083 474 2146 illic
493 2089 676 2159 moratum,
698 2084 730 2145 in
751 2082 929 2146 Galilaeam
950 2089 1024 2147 ante
1043 2085 1181 2146 hiemem
1201 2084 1344 2147 rediisse.
1363 2082 1427 2147 Le·

295 2202 334 2264 ge
354 2184 424 2248 Lib.
441 2184 472 2246 II
487 2186 527 2248 de
544 2185 728 2266 Evangeliis
749 2185 867 2248 Amet.
884 2184 955 2248 LIV
975 2205 1063 2266 seqq.
1090 2184 1224 2250 Ioannes
1244 2188 1331 2249 huno
1351 2187 1428 2249 red-

296 2289 378 2351 itum
398 2289 486 2352 hand
506 2295 637 2368 narrat,
659 2290 714 2352 sed
734 2289 843 2352 statim
863 2289 896 2351 id
917 2290 1068 2353 describit
1095 2290 1183 2370 qnod
1210 2289 1323 2370 paullo
1349 2295 1427 2352 ante

296 2390 484 2469 proximum
504 2391 623 2470 pascha
643 2389 759 2453 accidit
778 2406 879 2471 prope
892 2389 1002 2453 lacum
1016 2387 1203 2453 Tiberiadis.
1219 2389 1268 2452 De
1280 2391 1355 2453 loco
1370 2389 1428 2452 de-

296 2508 361 2568 qne
383 2495 528 2570 tempore
547 2491 645 2552 hahes
665 2509 750 2569 quac
762 2491 851 2569 legas
865 2490 898 2551 in
917 2489 986 2553 Lib.
1004 2488 1036 2550 II
1051 2490 1091 2552 de
1104 2489 1289 2570 Evangeliis
1303 2488 1424 2552 Annot.

297 2589 434 2654 LXXIII
454 2596 488 2654 et
508 2589 577 2654 Lib.
601 2590 649 2652 III
670 2591 753 2655 lliss.
776 2590 877 2654 XLII.
894 2611 947 2656 nn.
964 2589 1047 2673 5-83
1061 2591 1145 2655 Diss.
1160 2590 1279 2654 XLIII.
1294 2610 1348 2653 nn.
1363 2589 1429 2656 23-

295 2691 346 2757 at.
359 2691 547 2756 -Nomine
567 2692 650 2755 mori
670 2695 763 2757 lacus
783 2713 916 2774 quoque
936 2692 1077 2758 Hebraei
1099 2694 1273 2774 designant.
1296 2691 1359 2756 Hie
1378 2694 1428 2756 la-

296 2813 354 2858 cus
375 2796 407 2856 in
427 2793 538 2858 Veteri
560 2793 764 2859 Testamento
784 2814 870 2857 mure
890 2797 945 2858 vel
965 2797 1053 2857 loeus
1078 2793 1241 2868 ceneroth,
1267 2791 1426 2868 ΟιιιονιιΙι,

299 2893 438 2957 Genesar
457 2915 574 2959 nomen
594 2898 703 2973 hahet,
720 2898 753 2958 in
767 2896 862 2960 Novo
883 2903 993 2959 autem
1007 2894 1212 2958 Testamento
1226 2914 1311 2957 more
1328 2893 1429 2960 Gene-

296 2996 400 3058 soreth
420 2997 474 3060 vel
496 2995 690 3072 Tiberiadis,
706 3016 791 3077 quae
811 2999 889 3060 urbs
912 2997 975 3061 luit
994 2997 1034 3058 ab
1055 2995 1186 3060 Herode
1207 2997 1338 3078 Antipa,
1360 2995 1426 3060 Hc·

297 3099 384 3161 rodis
405 3099 490 3179 regis
504 3098 585 3172 filio,
599 3100 633 3160 in
653 3101 810 3162 honorem
832 3097 952 3161 Tiberii
972 3095 1113 3180 Augusti
1133 3104 1299 3162 exstructa
1319 3099 1353 3161 in
1372 3117 1429 3162 oc·

297 3198 448 3262 cidentali
467 3199 565 3263 litore
585 3201 689 3263 lacus.

377 3319 409 3362 v.
431 3294 461 3365 1.
485 3298 556 3363 lloc
582 3301 702 3381 pascha
728 3301 791 3364 luit
818 3319 869 3362 an.
899 3319 967 3364 aer.
998 3302 1087 3382 vulg.
1108 3299 1167 3378 28,
1195 3302 1327 3364 tertium
1354 3306 1429 3381 post

298 3399 417 3464 Christi
438 3403 645 3482 baptismum,
668 3408 843 3483 actumque
864 3409 913 3466 est
933 3403 984 3466 die
1003 3400 1044 3467 28
1057 3401 1163 3469 ve129
1176 3405 1291 3467 mensis
1304 3404 1424 3468 martii.

299 3500 566 3582 loannes‚ntpote
576 3504 647 3566 aliis
658 3522 696 3566 ac
706 3503 833 3568 Iudaeis
844 3505 1147 3586 scribens,explicat
1157 3505 1361 3585 qnidpascha
1371 3506 1424 3569 sit.

378 3622 409 3666 v.
432 3600 462 3665 7.
486 3602 570 3684 Lege
592 3602 812 3669 Cavedonium
832 3604 1061 3670 Numismctico
1081 3605 1195 3669 biblico
1209 3627 1244 3687 p.
1264 3603 1334 3673 105.

376 3721 408 3765 v.
431 3697 481 3768 10.
504 3701 571 3765 Viri
583 3699 694 3797 ἄνδρες
707 3723 836 3767 numero
849 3704 942 3786 quusi
954 3703 1090 3788 quicque
1110 3704 1228 3780 millio,
1243 3705 1428 3772 Matthaeus

299 3805 399 3868 addit:
422 3805 556 3887 exceptis
575 3807 758 3872 mutieribus
778 3820 806 3872 et
820 3811 989 3892 parvulis·
1010 3813 1055 3876 ita
1075 3817 1124 3890 ut,
1140 3813 1197 3894 qni
1210 3833 1308 3894 panes
1322 3833 1429 3878 come·

302 3908 431 3985 derunt,
449 3909 570 3972 luerint
584 3910 669 3973 forte
683 3929 748 3973 non
761 3913 932 3993 pauciores
946 3933 1045 3994 quam
1058 3934 1117 3977 sex
1129 3916 1297 3978 hominum
1310 3916 1424 3979 millia.

377 4029 409 4072 v.
432 4006 482 4077 11.
506 4009 590 4076 Nota
611 4012 793 4076 clausulam
812 4015 1006 4077 narrationis
1030 4022 1275 4080 consentaneam
1300 4015 1428 4082 Ioannis

299 4110 443 4176 consilio.
456 4145 495 4159 -
506 4111 587 4179 Item
609 4132 725 4196 graeca
746 4111 938 4215 ὂπροφητης
954 4112 1215 4219 ἑὲρχομεισςίίί
1230 4121 1357 4200 profete
1375 4119 1429 4184 ebe
