2986 4912
169 300 230 371 180
509 323 539 371 ru
562 323 699 371 cornusu
722 323 971 371 conusnruuvu

276 403 325 485 21
357 409 429 485 Sed
455 412 546 489 baec
574 414 694 487 omnia
722 413 857 489 facient
890 413 994 488 vobis
1012 426 1161 511 propter
1180 436 1314 490 nomen

173 561 307 613 meum:
336 539 420 636 quia
448 538 616 614 nesciunt
642 564 741 627 eum,
768 542 830 639 qui
858 542 958 615 misit
985 563 1058 614 me.

277 661 331 740 22
359 665 397 741 Si
424 691 496 741 non
523 668 719 754 venissem,
747 682 785 744 et
812 669 954 744 locutus
974 668 1123 743 fuissem
1144 670 1317 767 eis,pec-

175 807 298 868 cotum
325 818 398 868 non
424 794 613 869 baberent:
648 819 743 871 nunc
770 809 894 870 autem
937 796 1213 871 excusationem
1244 819 1318 871 non

175 920 310 995 babent
325 922 370 995 de
400 935 549 1020 peceato
578 945 660 995 suo.

280 1042 333 1123 23
361 1047 431 1138 Qui
449 1072 508 1122 me
537 1048 625 1122 odit:
642 1060 680 1122 et
693 1060 836 1145 patrem
865 1070 989 1122 meum
1009 1048 1098 1122 odit.

280 1168 335 1249 24
362 1173 400 1247 Si
427 1197 537 1272 opera
565 1197 636 1247 non
650 1173 819 1248 fecissem
834 1174 870 1246 in
885 1175 952 1259 eis,
971 1197 1064 1272 quae
1092 1198 1201 1249 nemo
1223 1177 1318 1250 alius

177 1302 277 1387 fecit,
305 1314 498 1399 peceatum
524 1323 594 1376 uon
610 1301 801 1376 baberent:
831 1326 926 1375 nunc
941 1315 1064 1377 autem
1080 1317 1118 1378 et
1133 1304 1318 1390 viderunt,

178 1446 216 1504 ct
244 1430 398 1504 oderunt
417 1441 455 1502 et
483 1452 556 1514 me,
585 1441 622 1502 et
648 1427 791 1502 Patrem
820 1452 955 1504 meum.

283 1551 336 1631 25
364 1555 436 1630 Sed
464 1568 505 1630 ut
532 1556 773 1652 adimpleatur
791 1577 924 1641 sermo,
939 1557 1000 1655 qui
1033 1558 1069 1630 in
1088 1557 1169 1655 lege
1188 1581 1318 1635 eorum

180 1685 336 1782 scriptus
359 1696 428 1758 est:
458 1682 549 1773 Quia
567 1683 649 1757 odio
678 1683 884 1757 babuerunt
922 1707 980 1758 me
1013 1685 1139 1780 gratis.

283 1805 337 1886 26
364 1809 457 1886 Cum
476 1824 599 1886 autem
619 1810 759 1884 venerit
774 1809 973 1885 paraclitus
989 1862 999 1897 ,
1018 1835 1127 1910 quem
1147 1836 1215 1910 ego
1235 1815 1321 1889 mit·

179 1955 256 2014 tam
283 1938 386 2014 vobis
401 1962 422 2013 a
436 1938 559 2025 Patre,
579 1938 747 2037 spiritum
767 1938 944 2023 veritatis,
972 1941 1034 2036 qui
1062 1962 1084 2013 a
1111 1939 1222 2015 Patre
1237 1966 1322 2040 pro·

179 2067 289 2154 cedit,
318 2067 380 2142 ille
402 2067 652 2142 testimonium
681 2065 888 2164 perhibebit
915 2066 960 2139 de
984 2089 1060 2141 me:

283 2189 336 2270 27
366 2209 404 2271 et
431 2219 496 2270 vos
512 2195 759 2272 testimonium
779 2193 1030 2291 perhibebitis,
1062 2194 1146 2298 quia
1175 2197 1224 2271 ab
1252 2198 1321 2275 ini·

180 2324 231 2398 ti0
268 2345 410 2399 mecum
440 2324 541 2401 estis.

686 2594 810 2611 m

622 2781 872 2834 couummmvtt

183 2993 372 3118 Sermones
394 3055 488 3118 relati
509 3057 541 3117 in
562 3055 666 3138 capita
687 3054 747 3117 XV
768 3062 801 3118 ot
821 3055 898 3118 XVI
920 3059 1020 3120 babiti
1040 3067 1116 3122 sunt
1130 3061 1217 3122 inter
1238 3080 1315 3124 cun-

179 3154 257 3218 dum
272 3161 344 3237 post
357 3174 523 3234 egressum
544 3175 562 3218 e
584 3155 761 3218 coenaculo
782 3162 815 3218 et
835 3164 908 3219 ante
922 3176 1088 3238 egressum
1109 3179 1151 3222 ex
1171 3161 1256 3223 urbe
1277 3161 1315 3222 ad

179 3262 320 3318 montem
332 3255 510 3332 Olivetum,
526 3257 603 3318 item
617 3257 762 3336 precatio
777 3256 938 3337 descripta
953 3259 985 3318 in
998 3260 1103 3339 capite
1113 3258 1220 3338 xvll,
1233 3263 1317 3324 sicut

178 3363 314 3438 apparet
333 3375 376 3419 ex
396 3357 523 3420 collatis
544 3355 591 3418 Io.
616 3354 704 3431 XIV,
725 3354 766 3419 27
787 3362 820 3418 et
833 3356 954 3433 XVIII,
977 3356 1007 3422 I.
1032 3359 1121 3424 Haec
1136 3361 1243 3441 cupita
1263 3381 1316 3424 nc·

178 3475 344 3537 quaquam
365 3464 440 3520 suut
460 3477 525 3520 una
545 3458 707 3521 acsolida
738 3459 865 3534 oratio,
888 3461 944 3522 sed
976 3462 1116 3524 maxima
1147 3482 1189 3525 ex
1222 3471 1314 3543 parte

177 3560 289 3622 varius
310 3578 416 3622 sermo
438 3560 642 3622 familiariter
663 3560 803 3636 babitus
826 3580 892 3640 quo
915 3559 1063 3625 Christus
1083 3582 1237 3643 suprema
1258 3565 1315 3626 illa

177 3659 263 3722 vitae
284 3661 366 3722 bora
387 3659 563 3741 discipulos
586 3660 625 3720 dc
656 3660 694 3721 iis
726 3662 926 3723 commonuit
955 3680 1059 3742 eaque
1090 3664 1204 3727 docuit
1234 3684 1317 3745 quoe

178 3760 324 3840 Ipsorum
345 3762 488 3822 maxime
510 3760 635 3823 referre
657 3759 832 3839 iudicavit3
865 3780 968 3840 quare
999 3763 1122 3826 frustra
1153 3772 1238 3828 esset
1261 3766 1317 3846 qui

180 3860 301 3923 borum
325 3862 422 3922 trium
445 3861 587 3941 capitum
610 3879 791 3923 connexum
812 3879 851 3922 ac
871 3861 1006 3924 ductum
1027 3864 1171 3927 invenire
1198 3883 1238 3929 ac
1265 3866 1318 3929 de·

180 3967 362 4024 monstrare
384 3967 570 4024 conaretur.
595 3959 710 4040 Neque
732 3966 839 4023 tamen
860 3980 897 4024 en
919 3969 995 4026 sunt
1015 3972 1220 4045 moneatque
1240 3967 1318 4028 indi-

179 4069 266 4138 gesta
288 4063 520 4124 sententiarum
541 4063 759 4136 coacervatio,
775 4062 830 4124 scd
846 4065 942 4126 certis
958 4066 1150 4144 quibusdam
1169 4068 1315 4148 partibus

179 4161 442 4240 distinguuntur,
466 4182 610 4243 quarum
632 4163 765 4241 singulis
787 4163 932 4242 singulae
954 4165 1109 4230 materiae
1131 4169 1314 4250 propositae

180 4267 264 4322 sunt.
