2986 4912
302 303 345 372 96
640 327 672 374 is
692 327 831 373 missen
857 328 1111 376 connexarum-'n

303 417 450 472 tamena
471 408 589 474 Ioanne
609 431 678 476 esse
699 414 926 494 conscriptam,
942 415 999 477 sod
1019 416 1061 476 ab
1080 415 1146 476 alio
1167 423 1302 479 anctore
1324 416 1438 479 divini-

305 518 357 573 tus
376 511 543 591 inspirato,
564 518 664 592 atquc
683 515 761 576 hnic
778 512 905 576 Ioannis
918 516 1017 594 capiti
1031 516 1195 578 insertam.
1220 515 1382 594 Equidem
1396 517 1437 577 ab

305 611 374 691 ipso
394 608 512 676 Ioanne
532 613 685 694 scriptam
704 615 867 689 existimo,
889 615 945 678 sed
966 616 1087 695 serius3
1110 634 1176 695 qno
1198 617 1302 695 posito
1322 635 1438 680 caussa

304 709 550 792 discrepantiae,
571 731 656 793 qnae
677 714 710 774 in
730 714 895 777 codicibus
916 721 978 790 est,
1001 715 1097 779 facilc
1119 723 1215 796 patet.

692 932 1045 979 *ww-—

666 1155 873 1203 CAPVT
929 1154 1063 1203 vttt

416 1449 435 1528 1
467 1370 583 1530 lesus
615 1464 739 1525 antem
771 1453 934 1550 perrexit
965 1455 1002 1525 in
1035 1468 1196 1527 montem
1230 1454 1389 1529 Oliveti:

409 1578 503 1657 Met
530 1579 688 1655 diluculo
716 1579 848 1654 iterum
878 1580 978 1654 veuit
1007 1580 1043 1653 in
1077 1581 1282 1678 tempium,
1312 1595 1352 1655 et
1398 1606 1436 1656 o

305 1711 401 1785 mnis
418 1708 573 1809 populns
607 1709 708 1782 venit
725 1709 771 1782 ad
803 1733 901 1796 enm,
930 1721 969 1784 et
998 1710 1127 1784 sedens
1154 1708 1308 1783 docebat
1342 1733 1420 1785 eos.

412 1831 437 1914 3
466 1837 659 1913 Adducunt
690 1851 815 1912 autem
838 1835 1001 1926 Scribae,
1021 1852 1060 1912 et
1087 1837 1272 1911 Pharisaei
1308 1836 1437 1911 mulie·

308 1991 387 2041 rem
419 1967 457 2041 in
488 1966 666 2042 adulterio
695 1966 987 2064 deprehensam:
1022 1981 1060 2040 et
1106 1977 1318 2040 statuerunt
1354 1988 1435 2040 eam

306 2096 343 2170 in
374 2095 508 2181 medio,

413 2216 505 2297 det
536 2221 707 2296 dixerunt
741 2221 793 2294 ei:
827 2217 1026 2318 Magister,
1063 2220 1154 2294 haec
1187 2219 1318 2293 mulier
1363 2243 1436 2294 mo

308 2352 355 2426 do
386 2352 612 2449 deprehensa
645 2361 704 2423 est
735 2349 771 2421 in
804 2348 996 2423 adulterio.

412 2475 437 2554 5
465 2479 504 2552 ln
532 2478 612 2576 lege
639 2490 764 2551 autem
792 2475 935 2572 Moyses
969 2476 1156 2550 mandavit
1192 2475 1295 2550 nobis
1315 2476 1436 2550 huius·

307 2605 404 2681 modi
433 2604 607 2703 lapidare.
645 2603 701 2678 Tu
729 2627 815 2702 ergo
852 2605 937 2702 quid
966 2601 1082 2677 dicis?

412 2727 437 2809 6
464 2732 541 2808 Hoc
572 2746 697 2807 autem
729 2732 899 2807 dicebant
931 2746 1117 2807 tentantes
1146 2757 1244 2819 enm,
1277 2743 1320 2807 ut
1350 2756 1436 2830 pos·

307 2874 391 2937 sent
419 2886 590 2937 accusare
620 2886 718 2936 eum.
753 2862 854 2936 lesus
897 2876 1020 2936 autem
1054 2860 1229 2935 inclinans
1256 2884 1296 2934 se
1328 2861 1432 2934 deor·

305 3015 401 3078 snm,
434 2991 547 3089 digito
581 2990 763 3064 scribebat
791 2991 828 3063 in
866 3002 977 3064 terra.

410 3113 435 3193 7
463 3118 556 3195 Cum
593 3143 679 3216 ergo
712 3131 991 3217 perseverarent
1023 3119 1289 3214 interrogantes
1332 3141 1432 3207 eum,

301 3247 419 3322 erexit
451 3273 504 3334 se,
538 3260 576 3322 et
612 3247 705 3322 dixit
733 3247 803 3319 eis:
834 3243 902 3334 Qui
924 3246 1433 3342 sinepeccatoestvestrnm,

301 3377 441 3475 primns
470 3375 634 3450 inillam
670 3374 828 3472 lapidem
857 3374 994 3447 mittat.

402 3497 428 3577 8
455 3502 503 3579 Et
536 3503 671 3577 iterum
706 3526 744 3576 se
775 3502 963 3586 inclinans,
998 3501 1181 3575 scribebat
1214 3502 1249 3574 in
1279 3514 1392 3575 terra.

404 3625 429 3703 9
459 3631 658 3705 Audientes
701 3644 826 3704 autem
859 3654 952 3705 nnus
988 3644 1073 3727 post
1111 3654 1221 3705 unum
1256 3629 1431 3716 exibant,

299 3758 514 3856 incipientes
543 3782 564 3831 a
594 3757 821 3832 senioribus:
852 3773 890 3833 et
923 3759 1100 3833 remansit
1133 3756 1231 3832 solus
1259 3757 1376 3846 lesus,
1396 3771 1433 3832 et

301 3887 435 3960 mulier
467 3885 502 3958 in
536 3887 656 3961 medio
689 3900 803 3960 stans

410 4007 460 4089 10
488 4013 640 4113 Erigens
671 4027 793 4090 autem
824 4040 862 4090 se
900 4015 1015 4103 lesus,
1029 4015 1121 4089 dixit
1140 4015 1186 4088 ei:
1207 4011 1350 4100 Mulier,
1371 4011 1431 4087 ubi

304 4153 402 4230 sunt,
448 4143 510 4241 qni
547 4157 583 4218 te
618 4140 872 4220 accusabant?
901 4167 1008 4232 nemo
1041 4157 1078 4219 te
1112 4139 1405 4220 condemnavit?
