2986 4912
290 307 333 380 80
630 326 660 375 nv
683 323 819 375 sonuum
841 324 1088 375 counnurimvn

290 413 326 474 in
349 412 518 494 proprium
542 428 671 476 sensum
696 431 715 474 a
740 409 868 475 Christo
896 411 1048 492 proferri.
1079 409 1188 486 Quum
1216 428 1296 475 vero
1323 411 1421 476 iidem

289 512 339 575 his
368 510 488 578 Christi
508 512 615 576 verbis
637 512 867 590 detrectarent,
893 512 1053 592 siqnidem
1077 531 1248 593 perperam
1269 531 1307 575 ea
1327 514 1424 577 intel-

287 613 454 691 lexissent,
479 615 543 676 iam
567 613 701 678 docendi
726 613 872 690 inissent,
895 613 1092 695 metaphoris
1120 615 1237 694 procul
1269 615 1423 677 amanda-

291 716 341 780 tis.
371 715 415 779 At
439 722 551 780 contra
580 714 727 780 Christus
753 716 904 796 iecisset3
932 736 1031 795 nam,
1059 719 1116 797 qui
1143 719 1176 779 in
1200 719 1423 799 propositione

291 821 390 896 atque
404 817 599 898 expolitione
620 835 747 897 semper
767 835 883 879 nomen
898 815 1010 896 panis,
1025 836 1203 897 numquam
1224 817 1345 891 carnis,
1360 818 1424 881 nisi

290 920 323 981 in
351 918 565 999 explicatione
589 938 621 983 v.
644 915 704 994 52,
731 937 773 980 ex
798 937 864 998 quo
884 918 924 981 lis
946 925 1073 995 exorta,
1095 926 1333 1000 usurpaverat,
1355 921 1423 982 iam

289 1037 354 1082 non
380 1020 469 1083 ultra
486 1037 603 1101 panem
630 1038 664 1082 se
689 1020 830 1095 vocavit,
852 1019 912 1081 nisi
936 1019 969 1080 in
995 1020 1093 1081 totius
1114 1022 1270 1083 sermonis
1291 1021 1423 1101 epilogo

291 1126 326 1182 et
349 1120 555 1183 conclusione
576 1138 608 1183 v.
631 1116 689 1196 59,
702 1120 758 1182 sed
779 1137 904 1180 carnem
924 1137 1013 1181 snam
1032 1120 1298 1197 manducandam,
1322 1126 1424 1200 atque

289 1221 422 1300 insuper
445 1217 630 1300 sanquinem
657 1218 818 1281 bibendum
839 1220 1035 1298 inculcavit,
1063 1240 1129 1300 quo
1152 1227 1241 1284 certe
1264 1221 1424 1286 efficiebat

199 1373 201 1377 ,
291 1327 330 1384 ut
349 1321 406 1384 ille
425 1339 563 1384 suorum
582 1320 760 1384 verborum
784 1320 969 1383 intellectus
990 1321 1022 1382 in
1043 1318 1240 1386 ludaeorum
1260 1323 1423 1388 mentibus

290 1422 550 1485 confirmaretur.
578 1419 780 1485 Concludere
803 1422 913 1501 itaque
940 1425 1082 1502 oportet,
1103 1441 1168 1485 non
1188 1442 1359 1504 perperam
1381 1426 1422 1488 ab

291 1522 353 1599 his,
369 1521 425 1586 sed
439 1527 527 1586 recte
542 1519 662 1585 Christi
676 1521 776 1584 verba
796 1521 828 1582 in
849 1521 1019 1602 proprium
1038 1542 1167 1586 sensum
1188 1530 1319 1605 accepta
1339 1544 1420 1589 esse.

370 1641 424 1688 vv.
450 1617 500 1688 54.
529 1619 578 1686 55.
606 1619 655 1685 De
681 1622 777 1685 modo
805 1621 917 1685 Iudaei
941 1625 1162 1703 quaerebant,
1189 1644 1291 1705 quum
1315 1627 1355 1689 de
1384 1647 1422 1690 re

290 1727 376 1786 esset
402 1721 617 1802 cogitandum.
648 1721 719 1784 Hoc
743 1718 890 1784 Christus
912 1722 1043 1802 oblique
1068 1742 1122 1786 eos
1146 1729 1267 1803 monet,
1295 1725 1341 1788 ita
1354 1744 1424 1790 res-

291 1824 446 1906 pondens,
470 1828 520 1901 ut,
541 1841 606 1885 non
632 1822 777 1899 modum,
806 1822 862 1884 sed
883 1824 1104 1886 necessitatem
1127 1824 1250 1888 discant
1269 1827 1420 1890 vescendi

296 1947 394 1994 carne
413 1933 446 1991 et
468 1928 622 2007 sanguine
646 1945 729 2004 suo,
758 1929 796 1989 ut
823 1925 987 1988 habeamur
1007 1925 1106 1989 vitam
1126 1926 1162 1989 in
1183 1925 1284 2002 nobis,
1311 1928 1344 1990 id
1372 1933 1422 1992 est

290 2029 449 2110 gratiam,
479 2046 641 2108 quamque
668 2028 695 2090 is
719 2045 793 2089 esus
817 2027 909 2107 isque
936 2030 1033 2107 potus
1062 2028 1152 2090 utilis
1179 2029 1220 2091 sit
1246 2028 1286 2090 ad
1318 2030 1421 2093 vitam

291 2135 458 2196 aeternam
482 2128 708 2207 obtinendam3
737 2129 838 2205 haec,
865 2128 1018 2207 inquam,
1048 2147 1103 2192 eos
1124 2135 1233 2192 monet
1258 2129 1298 2192 de
1325 2149 1422 2193 carne

291 2232 399 2312 deque
420 2228 575 2310 sonpmne
594 2230 741 2292 distincte
762 2248 800 2292 ac
820 2230 919 2309 magis
940 2248 1104 2310 expresse,
1118 2236 1221 2311 utque
1242 2232 1422 2305 scientum

293 2331 504 2394 affirmatione
525 2331 584 2407 rei,
608 2335 679 2392 tum
702 2331 857 2393 contrarii
877 2331 1045 2410 negatione
1066 2349 1251 2394 asseverans
1272 2332 1361 2412 quod
1382 2334 1422 2398 de

288 2451 373 2512 pone
396 2432 547 2494 universe
574 2430 711 2493 dixerat.
727 2428 926 2511 -Apparet
952 2430 1180 2492 eucharistiam
1206 2432 1421 2496 necessariam

293 2551 363 2595 esse
389 2531 429 2593 ad
449 2531 549 2596 vitam
572 2529 694 2611 proriae
718 2530 910 2606 vivendam,
939 2530 994 2592 sed
1019 2530 1059 2592 ad
1084 2531 1183 2594 vitam
1207 2528 1326 2609 pieriae
1355 2550 1422 2595 non

292 2633 380 2710 item,
406 2631 504 2710 idque
531 2651 573 2694 ex
601 2631 719 2711 dispari
743 2631 868 2692 ratione
893 2648 958 2709 qua
986 2627 1132 2693 Christus
1157 2629 1196 2692 de
1219 2635 1360 2710 utraque
1385 2651 1422 2695 re

293 2732 450 2812 loquitur.
466 2730 605 2794 —Nota
625 2731 719 2808 illud,
741 2740 780 2792 ut
800 2727 947 2793 Christus
968 2731 1205 2809 responsionem
1227 2731 1422 2795 concluserit

293 2833 404 2896 iisdem
425 2833 531 2896 verbis
555 2833 700 2895 eamdem
721 2833 762 2894 ob
776 2850 922 2894 caussam
942 2831 1091 2894 adhibitis
1106 2850 1143 2895 ac
1158 2832 1281 2895 fecerat
1299 2833 1333 2895 in
1353 2833 1420 2914 pri-

295 2953 347 2997 ma
373 2934 528 2998 sermonis
552 2939 645 3014 parte
666 2952 698 2997 v.
725 2927 774 2999 lb.

373 3055 404 3098 v.
420 3031 470 3098 56.
494 3033 554 3096 Rei
575 3033 753 3096 credendae
774 3032 918 3106 arduitas
938 3033 1125 3113 postulabat
1149 3039 1187 3095 ut
1209 3034 1277 3114 ipsa
1295 3034 1422 3114 plenius

293 3134 527 3216 explicaretur,
550 3135 636 3196 omni
657 3134 923 3214 metaphorarum
940 3151 978 3195 ac
998 3134 1220 3217 symbolorum
1240 3134 1422 3215 suspicione

291 3235 472 3311 amandata,
501 3252 560 3298 nec
582 3233 709 3310 modus,
739 3232 779 3295 de
806 3251 872 3311 quo
897 3231 1008 3296 Iudaei
1036 3234 1256 3313 quaesierant,
1286 3247 1422 3316 prorsus

290 3337 618 3419 praetermitteretur.
649 3333 765 3413 ltaque
793 3333 940 3399 Christus
964 3335 1069 3415 primo
1092 3355 1124 3400 v.
1147 3334 1188 3401 56
1210 3337 1420 3417 metaphorae

289 3447 323 3502 et
346 3438 484 3518 symboli
508 3436 722 3518 suspicionem
747 3441 892 3500 removet
916 3436 1015 3498 allata
1038 3436 1199 3499 dictorum
1223 3438 1349 3501 ratione
1371 3439 1420 3501 in-

289 3540 512 3620 geminatoque
527 3538 680 3601 adverbio
695 3555 774 3598 nere.
791 3534 865 3613 Vbi,
881 3537 990 3613 velim,
1007 3537 1089 3598 illud
1110 3537 1303 3614 consideres,
1316 3540 1418 3618 quod,

289 3641 317 3704 si
342 3642 374 3702 in
395 3642 455 3703 hac
479 3639 619 3703 secunda
646 3638 801 3701 sermonis
821 3643 914 3718 parte
938 3657 1004 3701 vox
1025 3636 1121 3716 ponis
1142 3644 1225 3700 esset
1248 3639 1419 3702 immutata

289 3741 538 3824 symbolumque
565 3739 744 3815 exhiberet,
774 3738 838 3799 iam
865 3757 977 3801 sensus
1005 3737 1230 3818 propositionis
1251 3757 1282 3801 v.
1305 3736 1347 3802 52
1366 3740 1420 3804 hic

293 3842 398 3904 toret:
428 3839 530 3904 Panis
553 3838 712 3920 siqnificot
738 3857 864 3900 carnem
891 3857 1011 3912 neom,
1040 3858 1137 3918 quem
1161 3845 1267 3902 tamen
1287 3858 1418 3904 sensum

293 3960 399 4020 quum
411 3940 523 4004 ludaei
543 3939 707 4020 assequuti
727 3940 855 4002 minime
875 3944 993 4016 essent,
1015 3936 1161 4003 Christus
1182 3940 1346 4020 explicare
1364 3940 1419 4004 de-

296 4044 430 4124 buisset,
451 4061 529 4106 num
553 4060 632 4107 vero
653 4047 726 4123 apte
746 4041 779 4103 id
804 4042 930 4106 iecisset
948 4041 997 4104 his
1018 4042 1136 4107 verbis:
1164 4039 1242 4108 caro
1262 4059 1331 4108 men
1350 4060 1419 4105 vere

294 4151 340 4206 est
359 4142 456 4220 cibus,
478 4152 507 4207 et
526 4140 656 4224 sanquis
675 4160 847 4207 anensnere
868 4151 911 4206 est
924 4137 1045 4222 potus?
