2986 4912
630 331 732 379 curva
754 332 894 379 oncruvn
1251 315 1310 383 125

248 438 303 483 vv.
325 415 375 482 26.
395 415 446 482 27.
468 416 618 498 Repetita
638 436 739 498 porro
759 419 898 499 pastoris
923 424 1022 497 atque
1052 418 1164 483 ovium
1195 419 1306 482 simili-

168 519 294 598 tudine,
318 538 382 600 qua
402 519 530 582 duobus
551 524 626 580 ante
645 518 807 581 mensibus
828 537 908 581 usus
928 525 1000 583 erat
1027 538 1081 584 vu.
1104 516 1211 599 1-16,
1241 522 1307 601 pri-

169 640 247 700 mo,
271 639 332 684 cur
351 621 411 702 ipsi
430 621 578 700 loquenti
599 617 711 681 ludaei
731 638 796 682 non
816 619 970 696 credant,
1000 638 1146 683 caussam
1172 641 1241 685 esse
1262 623 1307 685 ait

171 723 262 802 quod
283 722 336 784 isti
355 740 421 784 non
441 722 503 783 sint
524 741 566 784 ex
587 722 702 784 ovibus
723 721 800 784 suis.
824 719 916 784 Hanc
937 720 1050 784 deinde
1076 741 1223 786 caussam
1248 724 1310 787 hoc

169 830 365 904 argumento
387 824 597 886 demonstrat:
623 820 703 885 Oves
723 841 806 884 meae
827 841 931 884 vocem
951 842 1049 885 meam
1070 823 1207 886 audiunt
1216 845 1233 898 ;
1255 824 1310 889 sed

160 943 230 988 ‘vos
250 943 315 988 non
336 925 453 987 auditis
464 945 476 1004 3
498 943 563 984 ooo
585 942 662 1004 ergo
690 923 762 985 estis
792 943 832 984 ea
860 924 968 986 ovibus
998 924 1085 988 meis.
1120 923 1312 1006 Argumenti

170 1031 282 1089 tamen
302 1025 406 1088 solam
428 1024 682 1106 propositionem
703 1025 860 1102 enuntiat,
886 1026 974 1105 quod
995 1027 1070 1089 satis
1092 1032 1152 1103 est,
1175 1046 1312 1108 eamque

171 1128 272 1191 tacite
293 1128 425 1191 adducit
446 1147 488 1189 ex
509 1146 548 1189 eo
571 1125 659 1205 quod
679 1125 746 1205 ipse
779 1144 833 1189 eas
865 1133 1058 1207 cognoseat3
1090 1147 1197 1207 neque
1227 1128 1312 1190 enim

170 1229 249 1292 illae
270 1228 381 1292 audire
401 1235 531 1310 possent
551 1230 611 1292 nisi
633 1231 701 1310 ipse
726 1235 883 1306 vocaret,
916 1229 972 1290 sed
1003 1248 1110 1308 neque
1141 1229 1208 1310 ipse
1239 1231 1311 1294 illas

171 1336 308 1394 vocaret
328 1331 388 1393 nisi
410 1339 614 1409 coquosceret.
640 1328 762 1391 Recole
784 1347 867 1408 quae
889 1329 1029 1392 diximus
1050 1330 1135 1393 dev.
1151 1324 1309 1410 tiaeque

172 1429 222 1494 Io.
246 1427 305 1508 vl,
326 1425 376 1496 d5.
399 1428 547 1509 Denique
568 1432 881 1508 argumentationem
902 1430 1066 1492 concludit
1079 1431 1197 1494 addens
1212 1431 1306 1509 illud,

171 1530 262 1612 quod
283 1549 348 1593 non
368 1531 464 1593 modo
486 1530 598 1593 ovium
618 1548 754 1591 suarum
774 1530 944 1610 proprium
964 1531 1006 1592 sit
1025 1537 1176 1611 oportet,
1198 1531 1254 1594 sed
1275 1539 1308 1595 et

171 1631 330 1709 omnium,
354 1650 438 1712 quae
460 1633 604 1712 ipsarum
625 1631 758 1712 propria
778 1637 865 1708 sunt,
888 1633 1100 1713 praecipuum
1121 1639 1184 1709 est,
1207 1639 1307 1712 atque

173 1733 315 1797 affirmat
335 1752 412 1798 oves
433 1751 508 1796 suas
529 1733 719 1796 omnimodis
740 1752 794 1795 eas
816 1751 884 1795 esse
899 1750 982 1812 quae
996 1735 1101 1814 ipsum
1116 1743 1306 1814 sequentum

173 1836 364 1899 sicutenim
385 1835 463 1898 alibi
485 1833 526 1916 (i)
549 1835 863 1911 demonstravimus,
886 1853 950 1897 non
970 1853 1072 1898 unum
1093 1842 1192 1915 atque
1221 1836 1307 1900 idem

172 1942 224 2000 est
243 1935 372 2001 Christo
393 1937 528 2001 credere
550 1942 648 2015 atque
669 1937 774 2017 ipsum
794 1936 898 2015 sequi.

255 2046 287 2102 vi
310 2034 360 2102 28.
388 2022 424 2100 'Vt
443 2036 496 2099 illi
516 2036 639 2114 Iudaei,
663 2038 768 2118 inquit
776 2037 1038 2122 chrysostomus,
1055 2057 1125 2100 oves
1138 2057 1199 2100 esse
1213 2057 1309 2102 cooe-

172 2146 305 2212 rentur,
327 2140 407 2201 haec
428 2136 575 2202 Christus
596 2139 784 2216 subiunxit,
808 2156 892 2219 quae
913 2139 981 2219 ipse
1002 2139 1117 2202 ovibus
1137 2139 1204 2202 suis
1224 2140 1307 2203 bona

173 2239 471 2322 praestat-Dore
490 2239 589 2302 vitem
611 2250 769 2303 aeternam
790 2260 854 2304 non
868 2251 917 2304 est
929 2241 990 2303 nisi
1002 2241 1098 2303 unius
1112 2239 1309 2304 Dei—Iam

173 2342 276 2406 totius
298 2343 585 2422 argumentationis
606 2343 645 2404 ad
667 2343 810 2412 συνθεσιν
833 2348 1006 2407 revocatae
1038 2342 1183 2405 ordinem
1208 2343 1310 2405 consi-

174 2448 266 2509 dera.
291 2446 359 2526 Epo
380 2466 530 2527 coquosco
551 2467 628 2511 oves
649 2467 748 2525 meas,
771 2450 898 2528 inquit,
922 2451 1066 2530 cognitas
1087 2467 1193 2525 voco,
1215 2467 1312 2512 vooa-

174 2555 228 2611 tae
248 2567 352 2610 vocem
371 2568 470 2611 meam
491 2549 640 2624 audiunt,
651 2551 815 2614 audientes
831 2552 980 2629 credunt,
998 2551 1163 2614 credentes
1177 2568 1311 2630 sequun-

175 2658 231 2710 tur
250 2667 309 2722 me,
330 2651 540 2728 sequentibus
561 2649 660 2712 citam
680 2658 838 2713 aeternam
859 2653 898 2712 do
918 2650 972 2714 eis.

256 2769 311 2813 vv.
333 2748 383 2814 29.
406 2747 456 2817 30.
481 2749 679 2829 Confirmat,
704 2753 791 2832 quod
812 2753 962 2829 dixerat,
992 2753 1152 2816 neminem
1174 2772 1250 2816 oves
1272 2754 1311 2816 de

175 2851 278 2932 ipsius
299 2871 397 2914 manu
418 2859 593 2932 rapturum
614 2874 693 2917 esse.
711 2852 797 2930 Quid
819 2853 949 2917 Christo
970 2860 1064 2934 pater
1085 2853 1314 2918 dedittNatu-

175 2971 249 3015 ram
270 2953 422 3030 divinam,
443 2954 595 3016 nimirum
617 2955 649 3016 id
671 2955 759 3034 quod
780 2953 920 3016 omnium
940 2953 1113 3016 maximum
1134 2962 1201 3031 est,
1220 2955 1309 3037 (vox

178 3055 264 3115 enim
284 3052 386 3115 maius
407 3056 628 3131 ostendit,non
649 3063 774 3119 tantum
795 3057 962 3132 homines,
990 3056 1046 3118 sed
1068 3075 1119 3118 res
1141 3076 1250 3120 omnes
1271 3057 1312 3119 si-

178 3155 325 3236 gnificari
345 3175 425 3220 voce
446 3154 588 3218 omnibus
596 3156 636 3235 ),
658 3176 763 3236 neque
783 3177 863 3221 vero
888 3159 1025 3219 alteram
1040 3164 1223 3250 pasturam,
1257 3158 1313 3222 sed

177 3257 271 3318 illam
290 3257 392 3337 ipsam
412 3276 509 3318 onom
531 3275 615 3336 quae
646 3258 747 3337 patris
778 3264 836 3321 est.
869 3256 1018 3322 Christus
1050 3277 1128 3338 ergo
1159 3264 1192 3321 et
1220 3266 1313 3339 pater

177 3376 279 3419 unum
299 3367 383 3420 sont.
408 3356 542 3435 Quare,
576 3378 679 3438 quum
701 3378 777 3421 oves
798 3378 887 3420 acmo
908 3360 1007 3440 possit
1027 3377 1136 3438 repere
1157 3360 1193 3419 de
1216 3376 1314 3420 mano

171 3457 293 3541 patris,
313 3478 419 3538 neque
441 3460 480 3522 de
501 3478 599 3523 manu
620 3457 739 3523 Christi
759 3458 970 3542 potest-In
985 3458 1212 3535 verbis,Poter
1231 3479 1315 3521 meus

178 3561 263 3642 qood
283 3559 367 3621 dedit
386 3559 477 3633 mihi,
492 3557 596 3621 maius
617 3559 758 3622 omnibus
779 3571 822 3623 est
842 3560 986 3645 syntaxis
1007 3561 1136 3623 inversa
1155 3565 1215 3634 est,
1232 3560 1316 3622 sieut

180 3661 259 3724 alibi
280 3680 410 3741 quoque
433 3662 554 3724 iactum
575 3661 685 3725 vident
705 3664 761 3741 qui
791 3664 854 3725 hoc
885 3661 1088 3740 evangelium
1119 3661 1243 3739 legunt.
1278 3657 1315 3720 In

181 3780 300 3842 graeco
322 3768 428 3825 tamen
449 3763 629 3844 exemplari
649 3763 694 3824 ita
714 3764 795 3827 haec
816 3769 902 3825 sunt:
927 3761 1024 3825 Pater
1044 3780 1140 3833 meus,
1156 3757 1212 3840 qui
1232 3758 1317 3821 dedit

180 3861 272 3942 midi,
294 3865 352 3927 has
374 3884 450 3927 oves
471 3864 633 3942 videlicet,
654 3863 757 3926 maior
777 3863 919 3926 omnibus
939 3872 1002 3936 est,·
1019 3881 1103 3942 quae
1122 3862 1201 3925 licet
1221 3879 1318 3941 argu-

184 3970 331 4028 mentum
351 3965 452 4045 magis
473 3966 681 4046 perspicuum
702 3964 828 4028 efficere
849 3964 1034 4042 videantur,
1050 3981 1113 4025 non
1128 3968 1235 4025 tamen
1248 3961 1315 4022 sine

257 4156 294 4226 u)
311 4159 342 4210 n
360 4157 399 4211 10.
419 4160 441 4228 1,
460 4159 485 4209 a.
504 4156 530 4210 t.
