2986 4912
516 333 618 381 carvr
642 333 782 381 nsctnvn
804 334 957 392 ovnarvn
1248 316 1307 385 113

170 425 415 498 propter-opero
434 416 504 498 ipso
525 417 640 479 aedito
659 419 692 491 in
713 436 829 497 graeco
844 416 1024 498 exemplari
1044 423 1120 487 sunt
1138 434 1214 499 pars
1233 435 1308 483 ver·

174 534 231 581 sus
252 517 302 582 11.
326 518 480 600 Alioquin
503 515 528 586 el
553 515 587 586 δε
612 541 659 610 μη
688 517 741 580 rin
760 517 885 591 minum
907 518 1020 580 conler
1040 516 1086 580 lo.
1108 517 1151 595 X,
1171 515 1222 582 38.

254 619 342 686 Num
363 642 443 686 vero
463 630 614 705 putemus
636 621 802 688 Christum
833 620 1007 701 multiplici
1036 620 1097 682 hac
1122 618 1310 699 efficaeiqne

174 725 453 801 argumentatione
474 726 519 786 nil
539 724 629 788 aliud
651 723 793 787 voluisse
814 740 913 802 quam
934 729 973 785 ut
992 721 1220 802 comprobaret
1238 740 1310 784 sen·

174 839 249 882 snm
270 823 412 902 aliquem
433 825 625 887 translatum
645 824 781 886 illorum
803 823 980 886 verborum
1000 819 1056 902 qui
1076 820 1161 882 videt
1179 839 1239 894 mc,
1260 820 1310 883 oi·

174 923 226 986 det
245 932 412 1005 erponem
425 920 552 987 mcum?
574 926 630 1006 qui
651 931 758 988 tamen
778 942 890 987 sensus
912 924 1087 987 translatus
1102 924 1233 1002 quinam
1253 924 1306 1001 sit,

174 1023 305 1088 minime
325 1045 383 1090 nos
404 1027 527 1104 docuit,
543 1027 622 1106 quin
641 1027 707 1087 imo
728 1025 772 1090 ita
792 1025 951 1104 loquutus
973 1030 1033 1100 est,
1048 1030 1087 1087 ut
1100 1042 1139 1086 ca
1153 1024 1255 1087 verba
1276 1024 1310 1086 in

173 1142 306 1186 sensum
326 1128 497 1208 proprium
516 1127 699 1207 accipienda
719 1143 789 1188 esse
803 1144 845 1189 ex
859 1129 928 1187 tota
942 1123 1221 1204 argumentatione
1241 1125 1311 1189 exi-

173 1225 300 1289 stimari
320 1246 450 1292 necesse
469 1228 523 1305 sit,

255 1346 309 1392 vv.
332 1326 383 1392 12.
405 1326 455 1394 13.
478 1328 626 1395 Christus
647 1328 812 1392 concludit
825 1328 891 1391 vim
912 1332 1011 1408 atque
1031 1326 1205 1390 efficaciam
1219 1326 1306 1402 fidei,

172 1434 208 1490 et
228 1429 359 1508 quidem
380 1432 453 1495 fldoi
475 1450 539 1512 qua
559 1432 592 1494 in
612 1432 718 1512 ipsum
739 1431 914 1506 credimus,
931 1428 1194 1505 commendando,
1210 1428 1310 1508 idque

172 1531 315 1597 maxime
335 1534 367 1595 in
386 1534 472 1597 loco.
496 1533 587 1597 hdeo
608 1533 721 1610 refert,
743 1532 860 1612 inquit,
875 1531 1009 1595 credere
1030 1549 1115 1611 quae
1135 1530 1248 1606 doceo,
1271 1535 1310 1594 ut

173 1648 241 1696 uon
269 1652 330 1713 ego
361 1634 458 1697 modo
488 1634 567 1697 haee
597 1635 693 1713 signis
718 1639 751 1695 et
775 1632 943 1696 miraculis
974 1632 1066 1696 editis
1097 1632 1310 1712 comprobare

172 1749 311 1811 queam,
333 1734 390 1797 sed
410 1741 455 1813 et,
478 1737 535 1815 qui
555 1735 612 1798 illa
632 1734 780 1811 credunt,
804 1734 917 1797 eadem
937 1734 1003 1795 imo
1023 1739 1057 1796 et
1076 1731 1201 1795 maiora
1220 1733 1310 1813 signa

173 1848 214 1894 ao
234 1833 393 1897 miracula
423 1835 544 1899 edituri
573 1835 656 1912 sint,
679 1834 797 1914 quibus
818 1852 878 1911 ea,
901 1852 986 1914 quae
1018 1833 1167 1910 crodunt,
1193 1833 1311 1896 confir-

174 1939 275 2012 ment3
297 1953 362 1997 non
383 1940 490 1998 nmen
509 1933 568 2016 ipsi
589 1954 648 2016 per
661 1953 695 1997 se
713 1935 912 2016 propriaque
926 1935 1060 2010 virtute,
1083 1932 1138 1999 sed
1158 1931 1235 2014 quic
1255 1952 1311 2014 eqo

174 2033 219 2096 ed
232 2043 357 2114 patrem
377 2038 481 2110 oudo,
503 2046 532 2098 ct
550 2038 638 2117 apud
658 2043 785 2117 patrem
808 2054 961 2112 manens,
983 2035 1195 2116 quodcumque
1211 2034 1312 2115 petic-

172 2130 249 2197 ritis
262 2145 387 2216 patrem
407 2135 444 2199 in
464 2137 590 2200 nominc
616 2156 693 2214 mco,
716 2136 923 2217 quantumvis
945 2135 1065 2216 grande
1086 2154 1124 2198 ac
1145 2137 1307 2215 mirabile,

170 2237 325 2317 precibus
345 2257 500 2315 annuens,
523 2239 580 2300 hoc
600 2236 729 2320 sacione
746 2237 832 2302 Nota
847 2236 942 2314 illud,
958 2235 1059 2316 quod,
1076 2255 1160 2316 quae
1180 2243 1307 2318 patrem

172 2355 340 2419 rogamus,
363 2340 510 2406 Christus
531 2342 638 2404 iaciat.

252 2460 283 2503 v.
304 2439 355 2509 tl.
379 2441 526 2508 Christus
554 2442 700 2518 solebat,
722 2439 808 2508 sicut
826 2444 962 2521 apparet
981 2458 1024 2502 ex
1044 2439 1106 2502 boc
1127 2441 1306 2523 evangelio,

170 2543 417 2623 repetitionibus
438 2545 508 2623 uti,
531 2563 635 2627 quum
655 2542 733 2624 quid
754 2542 885 2623 gravius
909 2541 1198 2620 vehementiusque
1223 2541 1310 2604 affir-

169 2659 262 2709 mare
282 2651 342 2708 aut
358 2644 525 2708 inculcare
545 2644 724 2725 expediret.
748 2639 830 2705 Item
850 2660 935 2705 nunc
956 2641 1045 2718 iacit,
1068 2658 1171 2721 quum
1192 2648 1310 2721 agatur

170 2741 212 2807 de
232 2751 397 2825 postremo
427 2746 486 2813 illo
513 2751 725 2827 argumento,
747 2742 836 2825 quod
866 2742 1067 2823 aptissimum
1094 2742 1136 2804 sit
1163 2743 1204 2805 ad
1236 2743 1312 2812 fidei

170 2847 402 2929 praestantiam
433 2847 724 2931 excellentiamque
754 2844 908 2926 apostolis
928 2844 1096 2909 etiamtum
1117 2842 1308 2909 rudioribus

171 2953 272 3028 atque
286 2950 506 3018 hebetioribus
521 2948 834 3013 commonstrandam
848 2952 882 3011 et
895 2945 1191 3011 commendandam.
1202 2980 1242 2992 —
1255 2947 1309 3012 Ex

172 3050 347 3114 collatione
367 3053 465 3115 huius
480 3057 513 3115 et
525 3051 703 3134 superioris
723 3069 838 3114 versus
858 3048 1069 3129 intelligimus
1090 3065 1193 3110 unum
1208 3053 1307 3130 atque

171 3149 258 3219 idem
273 3170 342 3216 esse
355 3170 393 3216 ac
407 3153 478 3233 pari
492 3152 633 3216 utilitate
647 3170 764 3232 rogare
778 3149 944 3216 Christum
958 3168 996 3212 ac
1009 3148 1116 3212 Deum
1132 3168 1308 3229 rogare.---·⁴

171 3249 203 3314 Α
224 3253 388 3334 plerisque
410 3255 532 3335 graecis
548 3254 711 3317 codicibus
725 3254 816 3316 abest
828 3269 1005 3333 pronomen
1028 3271 1069 3341 με
1094 3269 1153 3328 nte,
1175 3271 1239 3315 non
1259 3258 1308 3316 ta·

171 3371 248 3418 men
268 3373 288 3418 a
309 3357 457 3420 vaticano
479 3356 623 3423 omnium
644 3356 874 3433 vetustissimo,
896 3354 1045 3437 illudque
1065 3357 1184 3423 habent
1204 3363 1308 3419 trans·

171 3453 309 3519 lationes
331 3455 400 3519 iere
421 3474 542 3520 omnes.

253 3554 334 3620 Pars
353 3557 494 3621 secunda
514 3556 681 3635 sermonis,
703 3557 736 3619 in
756 3575 821 3636 qua
842 3562 891 3619 est
910 3556 949 3619 de
971 3559 1120 3635 caritate,
1137 3575 1176 3622 ae
1196 3558 1303 3640 primo

172 3673 228 3723 vv.
251 3654 290 3728 15
304 3655 370 3724 -21
393 3658 536 3725 caritatis
550 3658 679 3721 fructus
697 3655 861 3737 discipulis
882 3656 948 3723 suis
968 3657 1168 3738 pollicetur,
1191 3659 1307 3725 deinde

173 3777 228 3823 vv.
251 3753 375 3826 22-24
395 3757 495 3823 ludae
516 3757 687 3822 Thaddaeo
708 3757 920 3837 interroganti
941 3759 1126 3839 respondet.

255 3857 329 3935 Quo
344 3861 516 3923 nonnullas
546 3859 749 3923 difficultates
775 3876 1071 3939 praeoccupemus,
1094 3861 1186 3924 iuvat
1206 3863 1306 3922 anim-

172 3960 346 4023 advertere
366 3961 398 4022 in
419 3962 468 4024 his
489 3959 609 4025 Christi
628 3959 829 4022 sermonibus
853 3977 1004 4040 praesens
1026 3962 1204 4026 verborum
1227 3970 1307 4026 tem-

172 4079 235 4151 pus
254 4059 388 4127 subinde
415 4063 593 4126 adhibitum
622 4081 691 4126 osse
715 4080 776 4142 pro
807 4060 931 4124 tuturo.
956 4057 993 4123 ln
1014 4062 1076 4127 boo
1104 4065 1210 4146 capite
1230 4062 1306 4127 XIV

172 4159 316 4265 ἔρχομαι
339 4163 431 4225 venio
452 4185 506 4229 vv.
528 4163 557 4228 3.
579 4163 631 4245 18;
654 4161 756 4267 &capet
785 4161 880 4236 oidot,
902 4159 1042 4265 θεωρειτε
1066 4163 1179 4232 vidctis
1198 4185 1230 4233 v.
1252 4163 1306 4247 193
