2986 4912
278 323 339 395 loe
604 341 634 391 m
657 339 794 391 {eunucu
815 337 1065 389 eouunuramvu

280 434 396 509 gerent
415 445 494 495 vera
515 445 584 491 esse
605 446 690 508 quae
711 429 750 490 do
770 428 847 508 ipsis
867 427 958 507 loqui
980 427 1132 505 habebat3
1161 442 1260 505 quam
1277 431 1353 489 ante
1367 443 1423 491 oc·

280 531 486 612 cupationem
506 530 668 610 particula
690 528 895 591 adversativa
915 530 968 590 sed
988 529 1191 590 manifestam
1212 526 1320 591 etheit.

361 650 393 695 v.
416 629 466 695 27.
491 629 616 694 Graeca
638 631 684 694 sie
705 635 832 692 sonante
849 628 921 693 Nou
943 637 1157 708 copuovercmt
1175 631 1258 710 quod
1278 630 1316 690 de
1330 636 1425 709 patre

279 731 359 813 ipsis
379 733 565 813 loqueretur.
588 731 819 796 Animadverte
844 737 879 793 ut
908 730 1043 794 loannes
1071 730 1176 794 Deum
1206 730 1427 812 appellatione

276 832 384 914 petris
404 832 524 897 Christi
544 834 734 914 simpliciter
755 834 909 913 designet.

363 954 395 999 v.
418 932 469 998 28.
491 933 650 1015 Superius
665 955 696 999 v.
711 929 752 1000 2Ι-
773 933 863 997 Iesus
884 936 965 997 haec
984 935 1196 1014 loquebatur:
1212 929 1250 997 Si
1262 930 1346 995 euim
1359 950 1426 994 noa

284 1033 479 1097 credideritis
500 1051 575 1109 outa
597 1051 659 1099 neo
681 1051 763 1112 svn,
793 1033 974 1098 moriemini
1000 1034 1037 1097 iu
1061 1043 1191 1114 peceato
1220 1043 1333 1096 cestro.
1365 1032 1427 1097 Lo·

284 1144 438 1216 quantem
459 1135 572 1200 Iudaei
591 1136 881 1216 interpellaveram
895 1156 926 1199 v.
941 1134 992 1199 25.
1009 1135 1121 1212 Qvuuu
1142 1135 1425 1215 interpellantibus

285 1239 513 1318 respondisset,
536 1238 580 1301 ita
601 1238 825 1318 interruptum
845 1256 1025 1300 sermonem
1047 1239 1188 1318 repetiit:
1209 1234 1284 1300 Cum
1301 1237 1424 1298 eccultu-

285 1338 396 1401 veritis
416 1337 517 1419 filium
538 1336 697 1412 horuiuis,
720 1347 795 1400 tuac
820 1338 1010 1418 erubescetis
1039 1354 1115 1411 qvia
1147 1354 1209 1402 neo
1242 1354 1316 1401 svn.
1338 1335 1424 1417 Lege

286 1459 372 1520 quac
393 1441 535 1503 diximus
554 1441 594 1502 de
615 1438 663 1501 lo.
684 1437 745 1516 ΙΙΙ,
760 1434 811 1504 ΙΙ.
826 1438 893 1503 Fae
912 1439 1096 1502 naenvineris
1116 1458 1187 1502 eaor
1202 1438 1309 1501 solum
1329 1439 1424 1502 hdem

185 1564 190 1570 ⁸
288 1542 321 1603 in
342 1547 411 1605 toto
432 1543 495 1604 hoe
515 1542 683 1621 evangelio
704 1541 923 1605 commendari
943 1560 1028 1621 quae
1048 1559 1109 1621 per
1122 1542 1291 1603 caritatem
1311 1558 1426 1622 opera·
1476 1541 1479 1545 ’

289 1649 358 1720 tur,
380 1638 605 1723 inteiligesque
626 1636 721 1720 lonae
742 1642 832 1705 aliud
853 1662 922 1704 esse
944 1662 1125 1721 eoqaoseere
1138 1661 1177 1707 ac
1191 1641 1428 1706 erectore-ll-

288 1743 348 1807 lud
369 1763 458 1824 erqo,
480 1764 498 1806 a
520 1741 639 1806 Ioanne
660 1743 839 1806 adhibitum
861 1744 893 1805 in
914 1745 977 1806 hoe
997 1745 1089 1821 loeo,
1111 1764 1174 1807 non
1196 1744 1293 1807 modo
1314 1763 1429 1826 super·

288 1864 469 1909 vacaneum
489 1864 553 1907 non
573 1850 634 1920 est,
657 1845 712 1907 sed
733 1846 778 1906 ita
804 1864 915 1908 versus
935 1843 975 1908 27
996 1851 1030 1908 et
1048 1843 1089 1909 28
1110 1846 1290 1922 connectit,
1313 1850 1353 1907 ut
1373 1863 1429 1908 no·

289 1968 369 2014 vum
389 1947 462 2010 inde
482 1948 594 2010 lumen
608 1947 708 2010 verba
724 1945 843 2010 Christi
857 1947 1012 2027 haheaut;
1029 1948 1167 2010 ostendit
1182 1948 1266 2010 enim
1281 1953 1430 2028 propter-

290 2066 330 2111 ea
356 2049 437 2111 haec
467 2067 485 2109 a
507 2046 636 2111 Christo
665 2048 773 2111 addita
795 2067 885 2125 esse,
910 2049 986 2126 quia
1008 2047 1142 2116 ludaei,
1166 2067 1251 2127 quae
1272 2051 1431 2127 loquutus

291 2155 375 2226 erat,
398 2168 463 2212 uon
483 2149 727 2224 intellexerant,
751 2150 887 2230 eiusque
908 2150 1099 2212 senteutiam
1120 2151 1203 2211 hanc
1224 2169 1309 2212 esse:
1326 2149 1430 2225 ¹Quod

291 2268 378 2314 nunc
398 2269 463 2314 non
484 2251 675 2330 cognoscitis
695 2270 802 2330 neque
822 2240 1012 2331 intessigiui,
1029 2257 1107 2315 tune
1126 2251 1313 2331 intelligetis
1334 2258 1367 2314 et
1381 2271 1434 2314 co·

293 2351 463 2430 gnoseetis,
486 2369 557 2413 curu
578 2349 796 2413 exaltaveritis
815 2350 917 2431 fitium
937 2349 1093 2425 homiui&
1108 2353 1260 2434 sequitur
1274 2357 1312 2414 ut
1326 2353 1433 2416 verbis

293 2447 372 2530 quie
391 2449 520 2514 Patrem
541 2449 607 2512 eius
627 2450 749 2513 dicebat
768 2451 869 2514 Deum
897 2454 1072 2532 verbisque
1099 2451 1176 2533 quie
1197 2471 1251 2531 eqo
1271 2472 1340 2514 sum
1360 2473 1435 2516 ana·

293 2551 390 2630 logus
411 2570 523 2614 sensus
544 2552 657 2615 subsit.
681 2550 802 2615 Conler
822 2552 902 2617 Luc.
924 2552 1057 2632 XXlll,
1082 2550 1129 2618 ts
1146 2553 1317 2633 -Neque
1338 2555 1434 2618 modo

295 2651 485 2732 requescetis
506 2651 583 2733 quie
603 2673 658 2733 eqo
678 2672 760 2728 sum,
782 2673 900 2718 verum
920 2655 1018 2717 etiam
1039 2674 1167 2731 eorum,
1183 2672 1268 2735 quae
1288 2653 1376 2718 nune
1391 2655 1436 2718 ia-

298 2753 348 2817 cio
369 2759 429 2816 aut
449 2754 543 2830 dieo,
575 2755 656 2817 nihil
687 2775 739 2818 me
770 2774 876 2836 neque
897 2757 1059 2819 arbitratu
1080 2776 1153 2819 rueo
1173 2776 1281 2836 neque
1303 2775 1365 2837 per
1385 2777 1436 2821 me

295 2854 404 2937 ipsum
425 2855 532 2919 tacere
554 2861 613 2919 aut
633 2856 758 2933 dicere,
781 2858 834 2919 sed
854 2857 936 2919 sieut
956 2856 1064 2921 docuit
1083 2877 1130 2919 me
1151 2858 1261 2932 Pater,
1282 2859 1438 2923 nimirum

296 2955 407 3034 Deus,
431 2976 530 3037 quem
550 2963 677 3038 patrem
697 2977 808 3021 meum
829 2978 899 3022 esse
928 2958 1072 3021 nondum
1100 2959 1315 3039 cognoscitis,
1338 2966 1438 3040 atque

298 3076 363 3122 una
385 3079 460 3122 cum
482 3066 586 3141 patre.
609 3058 725 3123 Verbis
747 3082 767 3123 a
787 3079 833 3122 mc
853 3059 922 3140 ipso
943 3070 1123 3139 utrumque
1143 3059 1331 3140 significari,
1354 3058 1439 3122 arbi-

298 3167 387 3222 tratu
405 3178 471 3222 meo
491 3167 525 3225 et
540 3181 599 3242 per
618 3181 666 3225 me
684 3161 801 3243 ipsum,
823 3162 855 3224 id
877 3169 926 3226 est
945 3163 1013 3225 sine
1027 3163 1145 3239 altero,
1158 3171 1293 3243 apparet
1306 3180 1351 3223 ex
1363 3178 1441 3241 pro-

299 3260 457 3343 positione
477 3263 699 3341 adversativa,
723 3283 807 3345 quae
829 3264 983 3330 continuo
1004 3263 1234 3342 subiungitur,
1257 3268 1353 3324 etex
1373 3261 1442 3341 pri·

298 3380 352 3425 ma
372 3369 466 3443 parte
487 3383 602 3428 versus
623 3365 830 3444 insequentis.
854 3364 930 3441 Quo
951 3372 1061 3428 auteur
1083 3365 1199 3428 iudicio
1221 3363 1253 3425 id
1279 3369 1358 3427 tunc
1387 3380 1442 3426 co-

301 3464 423 3543 gnituri
443 3464 557 3529 ludaei
577 3471 694 3544 essent,
717 3486 820 3546 quum
842 3466 934 3529 cruci
949 3465 1115 3530 Christum
1130 3465 1286 3543 fixissent,
1301 3465 1369 3546 ipse
1384 3463 1442 3528 de·

301 3563 370 3626 cuit
390 3564 423 3626 in
443 3565 640 3645 insequentis
662 3584 777 3630 versus
797 3571 890 3646 parte
911 3568 1026 3629 altera.

381 3684 413 3730 v.
435 3664 486 3731 29.
511 3665 604 3742 Quae
624 3673 701 3730 suut
721 3668 754 3728 in
774 3668 879 3749 prima
901 3669 998 3731 huius
1025 3687 1141 3732 versus
1162 3673 1267 3748 parte,
1290 3684 1329 3730 ea
1350 3672 1443 3730 utro-

303 3769 352 3831 vis
372 3768 470 3832 modo
492 3770 577 3832 dieta
598 3769 735 3848 intelligi
756 3778 911 3850 possunt3
943 3771 998 3834 vel
1018 3770 1063 3833 ita
1084 3789 1122 3834 ae
1146 3771 1172 3833 si
1197 3771 1278 3832 haee
1309 3788 1443 3850 quoque

302 3866 417 3932 ludaei
437 3869 667 3946 dicantur,ubi
688 3866 854 3932 Christum
875 3870 967 3934 cruci
987 3870 1146 3946 fixissent,
1173 3870 1336 3949 cognituri
1356 3888 1441 3946 esse,

303 3970 359 4032 vel
379 3969 425 4032 ita
445 3975 484 4034 ut
504 3990 589 4050 quae
610 3989 724 4035 caussa
744 3970 786 4034 sit
806 3990 923 4035 eorum
944 3991 1029 4052 quae
1053 3970 1203 4036 Christus
1229 3972 1378 4052 proxime
1400 3972 1446 4033 di-

305 4075 411 4133 xerat.
435 4070 507 4135 lloe
528 4073 670 4135 alterum
690 4077 845 4152 praestat.
866 4071 929 4135 Vel
950 4073 1034 4135 enim
1056 4090 1094 4135 ea
1115 4071 1294 4152 significant
1314 4072 1447 4135 coniun-

307 4171 445 4234 ctionem
468 4170 587 4239 Christi
609 4178 642 4236 et
663 4172 764 4255 patris
785 4172 818 4235 in
838 4191 904 4236 una
924 4191 1062 4238 numero
1084 4178 1222 4249 natura,
1245 4171 1299 4236 vel
1319 4177 1446 4253 patrem
