<?xml version="1.0" encoding="UTF-8"?>
<!DOCTYPE html PUBLIC "-//W3C//DTD XHTML 1.0 Transitional//EN"
    "http://www.w3.org/TR/xhtml1/DTD/xhtml1-transitional.dtd">
<html xmlns="http://www.w3.org/1999/xhtml" xml:lang="en" lang="en">
 <head>
  <title>
</title>
<meta http-equiv="Content-Type" content="text/html;charset=utf-8" />
  <meta name='ocr-system' content='tesseract 3.04.00' />
  <meta name='ocr-capabilities' content='ocr_page ocr_carea ocr_par ocr_line ocrx_word'/>
</head>
<body>
  <div class='ocr_page' id='page_1' title='image "./franciscixaveri00patrgoog_0217.png"; bbox 0 0 2986 4912; ppageno 0'>
   <div class='ocr_carea' id='block_1_1' title="bbox 142 315 1308 2906">
    <p class='ocr_par' dir='ltr' id='par_1_1' title="bbox 142 315 942 384">
     <span class='ocr_line' id='line_1_1' title="bbox 142 315 942 384; baseline -0.005 0"><span class='ocrx_word' id='word_1_1' title='bbox 142 315 203 384; x_wconf 82' lang='grc'>202</span> <span class='ocrx_word' id='word_1_2' title='bbox 480 335 509 382; x_wconf 85' lang='lat' dir='ltr'>m</span> <span class='ocrx_word' id='word_1_3' title='bbox 532 334 668 382; x_wconf 76' lang='lat' dir='ltr'>tonnam</span> <span class='ocrx_word' id='word_1_4' title='bbox 692 332 942 382; x_wconf 81' lang='lat' dir='ltr'>conunnmmvn</span> 
     </span>
    </p>

    <p class='ocr_par' dir='ltr' id='par_1_2' title="bbox 145 415 1295 1304">
     <span class='ocr_line' id='line_1_2' title="bbox 145 415 1291 501; baseline -0.002 -19"><span class='ocrx_word' id='word_1_5' title='bbox 145 420 276 499; x_wconf 88' lang='lat' dir='ltr'>quidem</span> <span class='ocrx_word' id='word_1_6' title='bbox 297 422 429 484; x_wconf 88' lang='lat' dir='ltr'>volebat</span> <span class='ocrx_word' id='word_1_7' title='bbox 447 427 485 483; x_wconf 91' lang='lat' dir='ltr'>ut</span> <span class='ocrx_word' id='word_1_8' title='bbox 497 419 557 482; x_wconf 88' lang='lat' dir='ltr'>Dei</span> <span class='ocrx_word' id='word_1_9' title='bbox 578 420 809 499; x_wconf 70' lang='lat' dir='ltr'>perfectionem</span> <span class='ocrx_word' id='word_1_10' title='bbox 830 421 1099 501; x_wconf 88' lang='lat' dir='ltr'>adaequaremus.</span> <span class='ocrx_word' id='word_1_11' title='bbox 1117 415 1208 482; x_wconf 91' lang='lat' dir='ltr'>Nihil</span> <span class='ocrx_word' id='word_1_12' title='bbox 1226 419 1291 481; x_wconf 86' lang='lat' dir='ltr'>ita-</span> 
     </span>
     <span class='ocr_line' id='line_1_3' title="bbox 145 513 1290 600; baseline -0.003 -18"><span class='ocrx_word' id='word_1_13' title='bbox 145 538 210 598; x_wconf 87' lang='lat' dir='ltr'>que</span> <span class='ocrx_word' id='word_1_14' title='bbox 231 521 340 584; x_wconf 87' lang='lat' dir='ltr'>obstat</span> <span class='ocrx_word' id='word_1_15' title='bbox 361 521 533 600; x_wconf 91' lang='lat' dir='ltr'>quominus</span> <span class='ocrx_word' id='word_1_16' title='bbox 562 520 642 582; x_wconf 87' lang='lat' dir='ltr'>haec</span> <span class='ocrx_word' id='word_1_17' title='bbox 667 519 786 584; x_wconf 76' lang='lat' dir='ltr'><strong>Christi</strong></span> <span class='ocrx_word' id='word_1_18' title='bbox 807 521 907 585; x_wconf 80' lang='lat' dir='ltr'>verba</span> <span class='ocrx_word' id='word_1_19' title='bbox 927 520 972 581; x_wconf 89' lang='lat' dir='ltr'>sic</span> <span class='ocrx_word' id='word_1_20' title='bbox 992 518 1221 598; x_wconf 75' lang='lat' dir='ltr'>intelligamust</span> <span class='ocrx_word' id='word_1_21' title='bbox 1253 513 1290 579; x_wconf 85' lang='lat' dir='ltr'>Vt</span> 
     </span>
     <span class='ocr_line' id='line_1_4' title="bbox 146 612 1291 698; baseline 0 -18"><span class='ocrx_word' id='word_1_22' title='bbox 146 612 213 681; x_wconf 79' lang='lat' dir='ltr'>riht</span> <span class='ocrx_word' id='word_1_23' title='bbox 231 638 331 682; x_wconf 79' lang='lat' dir='ltr'>unam</span> <span class='ocrx_word' id='word_1_24' title='bbox 351 628 469 698; x_wconf 90' lang='lat' dir='ltr'>mente,</span> <span class='ocrx_word' id='word_1_25' title='bbox 492 621 610 698; x_wconf 90' lang='lat' dir='ltr'>animo,</span> <span class='ocrx_word' id='word_1_26' title='bbox 627 620 809 697; x_wconf 84' lang='lat' dir='ltr'>voluntate,</span> <span class='ocrx_word' id='word_1_27' title='bbox 832 619 915 682; x_wconf 73' lang='lat' dir='ltr'>siem</span> <span class='ocrx_word' id='word_1_28' title='bbox 928 627 957 680; x_wconf 84' lang='lat' dir='ltr'>et</span> <span class='ocrx_word' id='word_1_29' title='bbox 973 637 1031 680; x_wconf 81' lang='lat' dir='ltr'>nos</span> <span class='ocrx_word' id='word_1_30' title='bbox 1049 637 1153 681; x_wconf 89' lang='lat' dir='ltr'>unum</span> <span class='ocrx_word' id='word_1_31' title='bbox 1173 635 1291 680; x_wconf 91' lang='lat' dir='ltr'>sumus</span> 
     </span>
     <span class='ocr_line' id='line_1_5' title="bbox 148 720 1294 801; baseline -0.003 -18"><span class='ocrx_word' id='word_1_32' title='bbox 148 723 284 784; x_wconf 82' lang='lat' dir='ltr'>essentia</span> <span class='ocrx_word' id='word_1_33' title='bbox 307 729 339 785; x_wconf 89' lang='lat' dir='ltr'>et</span> <span class='ocrx_word' id='word_1_34' title='bbox 363 730 492 784; x_wconf 90' lang='lat' dir='ltr'>natura.</span> <span class='ocrx_word' id='word_1_35' title='bbox 511 720 602 784; x_wconf 82' lang='lat' dir='ltr'>Adde</span> <span class='ocrx_word' id='word_1_36' title='bbox 624 722 724 801; x_wconf 90' lang='lat' dir='ltr'>quod,</span> <span class='ocrx_word' id='word_1_37' title='bbox 741 724 800 785; x_wconf 92' lang='lat' dir='ltr'>etsi</span> <span class='ocrx_word' id='word_1_38' title='bbox 822 724 902 785; x_wconf 88' lang='lat' dir='ltr'>haee</span> <span class='ocrx_word' id='word_1_39' title='bbox 923 721 1006 783; x_wconf 89' lang='lat' dir='ltr'>dicta</span> <span class='ocrx_word' id='word_1_40' title='bbox 1027 725 1133 783; x_wconf 84' lang='lat' dir='ltr'>essent</span> <span class='ocrx_word' id='word_1_41' title='bbox 1152 720 1192 781; x_wconf 88' lang='lat' dir='ltr'>de</span> <span class='ocrx_word' id='word_1_42' title='bbox 1213 737 1294 781; x_wconf 88' lang='lat' dir='ltr'>con·</span> 
     </span>
     <span class='ocr_line' id='line_1_6' title="bbox 148 820 1295 900; baseline -0.003 -17"><span class='ocrx_word' id='word_1_43' title='bbox 148 823 307 885; x_wconf 87' lang='lat' dir='ltr'>venientia</span> <span class='ocrx_word' id='word_1_44' title='bbox 328 829 361 885; x_wconf 93' lang='lat' dir='ltr'>et</span> <span class='ocrx_word' id='word_1_45' title='bbox 381 823 606 884; x_wconf 85' lang='lat' dir='ltr'>coniunctione</span> <span class='ocrx_word' id='word_1_46' title='bbox 633 824 813 884; x_wconf 89' lang='lat' dir='ltr'>voluntatis</span> <span class='ocrx_word' id='word_1_47' title='bbox 834 821 955 886; x_wconf 83' lang='lat' dir='ltr'>Christi</span> <span class='ocrx_word' id='word_1_48' title='bbox 985 840 1061 883; x_wconf 90' lang='lat' dir='ltr'>cum</span> <span class='ocrx_word' id='word_1_49' title='bbox 1080 820 1202 900; x_wconf 89' lang='lat' dir='ltr'>patris,</span> <span class='ocrx_word' id='word_1_50' title='bbox 1225 837 1295 880; x_wconf 90' lang='lat' dir='ltr'>non</span> 
     </span>
     <span class='ocr_line' id='line_1_7' title="bbox 149 920 1295 1001; baseline -0.005 -16"><span class='ocrx_word' id='word_1_51' title='bbox 149 923 212 985; x_wconf 88' lang='lat' dir='ltr'>hoe</span> <span class='ocrx_word' id='word_1_52' title='bbox 232 923 417 986; x_wconf 85' lang='lat' dir='ltr'>efficeretur</span> <span class='ocrx_word' id='word_1_53' title='bbox 436 923 571 985; x_wconf 92' lang='lat' dir='ltr'>illorum</span> <span class='ocrx_word' id='word_1_54' title='bbox 594 941 726 1001; x_wconf 87' lang='lat' dir='ltr'>quoque</span> <span class='ocrx_word' id='word_1_55' title='bbox 748 924 925 985; x_wconf 86' lang='lat' dir='ltr'>verborum</span> <span class='ocrx_word' id='word_1_56' title='bbox 945 920 1014 1000; x_wconf 78' lang='lat' dir='ltr'>Epo</span> <span class='ocrx_word' id='word_1_57' title='bbox 1035 929 1062 981; x_wconf 89' lang='lat' dir='ltr'>et</span> <span class='ocrx_word' id='word_1_58' title='bbox 1076 929 1170 1000; x_wconf 83' lang='lat' dir='ltr'>pater</span> <span class='ocrx_word' id='word_1_59' title='bbox 1190 938 1295 980; x_wconf 79' lang='lat' dir='ltr'>onom</span> 
     </span>
     <span class='ocr_line' id='line_1_8' title="bbox 150 1021 1294 1102; baseline 0 -20"><span class='ocrx_word' id='word_1_60' title='bbox 150 1040 256 1083; x_wconf 80' lang='lat' dir='ltr'>sumus</span> <span class='ocrx_word' id='word_1_61' title='bbox 284 1023 548 1102; x_wconf 82' lang='lat' dir='ltr'>significationem</span> <span class='ocrx_word' id='word_1_62' title='bbox 580 1023 663 1084; x_wconf 90' lang='lat' dir='ltr'>hane</span> <span class='ocrx_word' id='word_1_63' title='bbox 694 1023 796 1101; x_wconf 81' lang='lat' dir='ltr'>ipsam</span> <span class='ocrx_word' id='word_1_64' title='bbox 827 1040 896 1084; x_wconf 87' lang='lat' dir='ltr'>esse</span> <span class='ocrx_word' id='word_1_65' title='bbox 927 1026 1079 1102; x_wconf 89' lang='lat' dir='ltr'>oportere</span> <span class='ocrx_word' id='word_1_66' title='bbox 1090 1042 1101 1100; x_wconf 81' lang='lat'><em>3</em></span> <span class='ocrx_word' id='word_1_67' title='bbox 1124 1021 1203 1099; x_wconf 86' lang='lat' dir='ltr'>quin</span> <span class='ocrx_word' id='word_1_68' title='bbox 1224 1021 1294 1082; x_wconf 92' lang='lat' dir='ltr'>imo</span> 
     </span>
     <span class='ocr_line' id='line_1_9' title="bbox 152 1118 1295 1204; baseline -0.003 -20"><span class='ocrx_word' id='word_1_69' title='bbox 152 1124 220 1204; x_wconf 77' lang='lat' dir='ltr'>ipsa·</span> <span class='ocrx_word' id='word_1_70' title='bbox 248 1124 402 1185; x_wconf 91' lang='lat' dir='ltr'>orationis</span> <span class='ocrx_word' id='word_1_71' title='bbox 433 1123 610 1197; x_wconf 78' lang='lat' dir='ltr'>materieS,</span> <span class='ocrx_word' id='word_1_72' title='bbox 633 1122 719 1184; x_wconf 89' lang='lat' dir='ltr'>sicut</span> <span class='ocrx_word' id='word_1_73' title='bbox 749 1123 945 1184; x_wconf 87' lang='lat' dir='ltr'>ostendimus</span> <span class='ocrx_word' id='word_1_74' title='bbox 976 1122 1033 1183; x_wconf 92' lang='lat' dir='ltr'>uhi</span> <span class='ocrx_word' id='word_1_75' title='bbox 1059 1122 1149 1182; x_wconf 92' lang='lat' dir='ltr'>illam</span> <span class='ocrx_word' id='word_1_76' title='bbox 1170 1118 1295 1183; x_wconf 81' lang='lat' dir='ltr'>Christi</span> 
     </span>
     <span class='ocr_line' id='line_1_10' title="bbox 153 1223 1156 1304; baseline -0.002 -17"><span class='ocrx_word' id='word_1_77' title='bbox 153 1225 342 1287; x_wconf 89' lang='lat' dir='ltr'>sententiam</span> <span class='ocrx_word' id='word_1_78' title='bbox 363 1225 587 1304; x_wconf 81' lang='lat' dir='ltr'>exposuimus,</span> <span class='ocrx_word' id='word_1_79' title='bbox 602 1241 666 1286; x_wconf 91' lang='lat' dir='ltr'>non</span> <span class='ocrx_word' id='word_1_80' title='bbox 687 1223 762 1285; x_wconf 87' lang='lat' dir='ltr'>sinit</span> <span class='ocrx_word' id='word_1_81' title='bbox 781 1242 853 1286; x_wconf 92' lang='lat' dir='ltr'>eam</span> <span class='ocrx_word' id='word_1_82' title='bbox 873 1223 918 1285; x_wconf 90' lang='lat' dir='ltr'>sic</span> <span class='ocrx_word' id='word_1_83' title='bbox 939 1223 1156 1303; x_wconf 87' lang='lat' dir='ltr'>interpretari.</span> 
     </span>
    </p>

    <p class='ocr_par' dir='ltr' id='par_1_3' title="bbox 155 1322 1308 2906">
     <span class='ocr_line' id='line_1_11' title="bbox 234 1322 1296 1405; baseline -0.002 -17"><span class='ocrx_word' id='word_1_84' title='bbox 234 1345 287 1388; x_wconf 79' lang='lat' dir='ltr'>vv.</span> <span class='ocrx_word' id='word_1_85' title='bbox 311 1323 361 1388; x_wconf 87' lang='grc'>12.</span> <span class='ocrx_word' id='word_1_86' title='bbox 387 1322 437 1389; x_wconf 80' lang='grc'>13.</span> <span class='ocrx_word' id='word_1_87' title='bbox 461 1323 627 1402; x_wconf 90' lang='lat' dir='ltr'>Caussam,</span> <span class='ocrx_word' id='word_1_88' title='bbox 644 1343 704 1388; x_wconf 90' lang='lat' dir='ltr'>cur</span> <span class='ocrx_word' id='word_1_89' title='bbox 719 1332 846 1405; x_wconf 88' lang='lat' dir='ltr'>patrem</span> <span class='ocrx_word' id='word_1_90' title='bbox 860 1331 953 1404; x_wconf 85' lang='lat' dir='ltr'>roget</span> <span class='ocrx_word' id='word_1_91' title='bbox 972 1331 1011 1387; x_wconf 91' lang='lat' dir='ltr'>ut</span> <span class='ocrx_word' id='word_1_92' title='bbox 1030 1324 1204 1404; x_wconf 88' lang='lat' dir='ltr'>discipulos</span> <span class='ocrx_word' id='word_1_93' title='bbox 1225 1323 1296 1404; x_wconf 91' lang='lat' dir='ltr'>ipse</span> 
     </span>
     <span class='ocr_line' id='line_1_12' title="bbox 155 1423 1298 1507; baseline -0.004 -17"><span class='ocrx_word' id='word_1_94' title='bbox 155 1436 276 1503; x_wconf 86' lang='lat' dir='ltr'>servet,</span> <span class='ocrx_word' id='word_1_95' title='bbox 300 1426 447 1489; x_wconf 90' lang='lat' dir='ltr'>Christus</span> <span class='ocrx_word' id='word_1_96' title='bbox 468 1427 575 1490; x_wconf 78' lang='lat' dir='ltr'>affert:</span> <span class='ocrx_word' id='word_1_97' title='bbox 601 1425 704 1502; x_wconf 79' lang='lat' dir='ltr'>Quia,</span> <span class='ocrx_word' id='word_1_98' title='bbox 727 1427 843 1507; x_wconf 92' lang='lat' dir='ltr'>inquit,</span> <span class='ocrx_word' id='word_1_99' title='bbox 867 1445 936 1487; x_wconf 81' lang='lat' dir='ltr'>cum</span> <span class='ocrx_word' id='word_1_100' title='bbox 951 1444 1044 1487; x_wconf 81' lang='lat' dir='ltr'>essem</span> <span class='ocrx_word' id='word_1_101' title='bbox 1061 1443 1131 1486; x_wconf 83' lang='lat' dir='ltr'>cum</span> <span class='ocrx_word' id='word_1_102' title='bbox 1157 1423 1215 1497; x_wconf 82' lang='lat' dir='ltr'>eis,</span> <span class='ocrx_word' id='word_1_103' title='bbox 1243 1444 1298 1504; x_wconf 75' lang='lat' dir='ltr'>epo</span> 
     </span>
     <span class='ocr_line' id='line_1_13' title="bbox 155 1524 1298 1599; baseline -0.002 -11"><span class='ocrx_word' id='word_1_104' title='bbox 155 1527 315 1588; x_wconf 82' lang='lat' dir='ltr'>servabam</span> <span class='ocrx_word' id='word_1_105' title='bbox 347 1545 396 1587; x_wconf 85' lang='lat' dir='ltr'>eos</span> <span class='ocrx_word' id='word_1_106' title='bbox 425 1524 462 1587; x_wconf 83' lang='lat' dir='ltr'>ih</span> <span class='ocrx_word' id='word_1_107' title='bbox 493 1525 619 1588; x_wconf 79' lang='lat' dir='ltr'>homine</span> <span class='ocrx_word' id='word_1_108' title='bbox 644 1535 698 1588; x_wconf 83' lang='lat' dir='ltr'>too</span> <span class='ocrx_word' id='word_1_109' title='bbox 708 1546 724 1599; x_wconf 89' lang='lat'><em>;</em></span> <span class='ocrx_word' id='word_1_110' title='bbox 742 1574 750 1590; x_wconf 92' lang='lat'><strong>.</strong></span> <span class='ocrx_word' id='word_1_111' title='bbox 769 1574 804 1589; x_wconf 88' lang='lat'>..</span> <span class='ocrx_word' id='word_1_112' title='bbox 827 1544 914 1587; x_wconf 81' lang='lat' dir='ltr'>nunc</span> <span class='ocrx_word' id='word_1_113' title='bbox 938 1535 1042 1588; x_wconf 79' lang='lat' dir='ltr'>autem</span> <span class='ocrx_word' id='word_1_114' title='bbox 1064 1527 1107 1587; x_wconf 85' lang='lat' dir='ltr'>od</span> <span class='ocrx_word' id='word_1_115' title='bbox 1130 1533 1157 1586; x_wconf 82' lang='lat' dir='ltr'>tc</span> <span class='ocrx_word' id='word_1_116' title='bbox 1178 1524 1274 1586; x_wconf 82' lang='lat' dir='ltr'>venio</span> <span class='ocrx_word' id='word_1_117' title='bbox 1286 1569 1298 1599; x_wconf 91' lang='lat'>,</span> 
     </span>
     <span class='ocr_line' id='line_1_14' title="bbox 157 1625 1299 1708; baseline 0.001 -17"><span class='ocrx_word' id='word_1_118' title='bbox 157 1647 278 1707; x_wconf 87' lang='lat' dir='ltr'>eosque</span> <span class='ocrx_word' id='word_1_119' title='bbox 300 1629 351 1689; x_wconf 93' lang='lat' dir='ltr'>hic</span> <span class='ocrx_word' id='word_1_120' title='bbox 372 1628 534 1708; x_wconf 88' lang='lat' dir='ltr'>relinquo.</span> <span class='ocrx_word' id='word_1_121' title='bbox 550 1662 590 1672; x_wconf 87' lang='lat'>—</span> <span class='ocrx_word' id='word_1_122' title='bbox 604 1625 712 1691; x_wconf 89' lang='lat' dir='ltr'>Verba</span> <span class='ocrx_word' id='word_1_123' title='bbox 734 1628 853 1689; x_wconf 81' lang='lat' dir='ltr'>ethaeo</span> <span class='ocrx_word' id='word_1_124' title='bbox 875 1629 985 1708; x_wconf 83' lang='lat' dir='ltr'>loquor</span> <span class='ocrx_word' id='word_1_125' title='bbox 1007 1645 1170 1690; x_wconf 89' lang='lat' dir='ltr'>unacum</span> <span class='ocrx_word' id='word_1_126' title='bbox 1192 1628 1299 1692; x_wconf 81' lang='lat' dir='ltr'>verbo</span> 
     </span>
     <span class='ocr_line' id='line_1_15' title="bbox 159 1727 1298 1810; baseline 0 -20"><span class='ocrx_word' id='word_1_127' title='bbox 159 1727 250 1791; x_wconf 81' lang='lat' dir='ltr'>venio</span> <span class='ocrx_word' id='word_1_128' title='bbox 271 1730 440 1792; x_wconf 90' lang='lat' dir='ltr'>coniuncta</span> <span class='ocrx_word' id='word_1_129' title='bbox 461 1735 537 1792; x_wconf 91' lang='lat' dir='ltr'>sunt</span> <span class='ocrx_word' id='word_1_130' title='bbox 556 1730 690 1793; x_wconf 85' lang='lat' dir='ltr'>vocibus</span> <span class='ocrx_word' id='word_1_131' title='bbox 712 1730 755 1791; x_wconf 86' lang='lat' dir='ltr'>od</span> <span class='ocrx_word' id='word_1_132' title='bbox 774 1739 815 1803; x_wconf 84' lang='lat' dir='ltr'>te,</span> <span class='ocrx_word' id='word_1_133' title='bbox 838 1731 899 1792; x_wconf 91' lang='lat' dir='ltr'>hoc</span> <span class='ocrx_word' id='word_1_134' title='bbox 919 1736 979 1806; x_wconf 90' lang='lat' dir='ltr'>est,</span> <span class='ocrx_word' id='word_1_135' title='bbox 1001 1731 1044 1790; x_wconf 86' lang='lat' dir='ltr'>ad</span> <span class='ocrx_word' id='word_1_136' title='bbox 1058 1737 1101 1790; x_wconf 89' lang='lat' dir='ltr'>te.</span> <span class='ocrx_word' id='word_1_137' title='bbox 1117 1775 1148 1791; x_wconf 88' lang='lat'>..</span> <span class='ocrx_word' id='word_1_138' title='bbox 1173 1729 1298 1810; x_wconf 79' lang='lat' dir='ltr'>loquor.</span> 
     </span>
     <span class='ocr_line' id='line_1_16' title="bbox 159 1827 1299 1909; baseline -0.001 -15"><span class='ocrx_word' id='word_1_139' title='bbox 159 1827 277 1895; x_wconf 88' lang='lat' dir='ltr'>Sensus</span> <span class='ocrx_word' id='word_1_140' title='bbox 298 1827 577 1909; x_wconf 64' lang='lat' dir='ltr'>cstz‘Priusquam</span> <span class='ocrx_word' id='word_1_141' title='bbox 597 1831 639 1891; x_wconf 86' lang='lat' dir='ltr'>od</span> <span class='ocrx_word' id='word_1_142' title='bbox 660 1839 687 1891; x_wconf 84' lang='lat' dir='ltr'>te</span> <span class='ocrx_word' id='word_1_143' title='bbox 707 1828 813 1903; x_wconf 80' lang='lat' dir='ltr'>venio,</span> <span class='ocrx_word' id='word_1_144' title='bbox 834 1831 941 1892; x_wconf 91' lang='lat' dir='ltr'>adhuc</span> <span class='ocrx_word' id='word_1_145' title='bbox 961 1828 997 1891; x_wconf 80' lang='lat' dir='ltr'>io</span> <span class='ocrx_word' id='word_1_146' title='bbox 1019 1831 1134 1891; x_wconf 82' lang='lat' dir='ltr'>mondo</span> <span class='ocrx_word' id='word_1_147' title='bbox 1154 1829 1299 1909; x_wconf 86' lang='lat' dir='ltr'>degens,</span> 
     </span>
     <span class='ocr_line' id='line_1_17' title="bbox 160 1929 1303 2011; baseline -0.001 -18"><span class='ocrx_word' id='word_1_148' title='bbox 160 1932 203 1993; x_wconf 86' lang='lat' dir='ltr'>ad</span> <span class='ocrx_word' id='word_1_149' title='bbox 217 1940 244 1992; x_wconf 86' lang='lat' dir='ltr'>te</span> <span class='ocrx_word' id='word_1_150' title='bbox 258 1931 331 2007; x_wconf 80' lang='lat' dir='ltr'>hacc</span> <span class='ocrx_word' id='word_1_151' title='bbox 353 1931 475 2010; x_wconf 80' lang='lat' dir='ltr'>loquor,</span> <span class='ocrx_word' id='word_1_152' title='bbox 498 1932 577 1995; x_wconf 90' lang='lat' dir='ltr'>haec</span> <span class='ocrx_word' id='word_1_153' title='bbox 598 1950 658 2011; x_wconf 89' lang='lat' dir='ltr'>pro</span> <span class='ocrx_word' id='word_1_154' title='bbox 680 1932 725 1994; x_wconf 91' lang='lat' dir='ltr'>eis</span> <span class='ocrx_word' id='word_1_155' title='bbox 747 1937 778 1994; x_wconf 91' lang='lat' dir='ltr'>te</span> <span class='ocrx_word' id='word_1_156' title='bbox 800 1949 890 2011; x_wconf 84' lang='lat' dir='ltr'>rogo.</span> <span class='ocrx_word' id='word_1_157' title='bbox 903 1966 944 1978; x_wconf 90' lang='lat'>-</span> <span class='ocrx_word' id='word_1_158' title='bbox 958 1929 1036 1994; x_wconf 88' lang='lat' dir='ltr'>Post</span> <span class='ocrx_word' id='word_1_159' title='bbox 1055 1949 1214 2007; x_wconf 84' lang='lat' dir='ltr'>caussam,</span> <span class='ocrx_word' id='word_1_160' title='bbox 1239 1949 1303 1994; x_wconf 85' lang='lat' dir='ltr'>cur</span> 
     </span>
     <span class='ocr_line' id='line_1_18' title="bbox 160 2032 1302 2121; baseline 0 -27"><span class='ocrx_word' id='word_1_161' title='bbox 160 2038 286 2121; x_wconf 89' lang='lat' dir='ltr'>patrem</span> <span class='ocrx_word' id='word_1_162' title='bbox 307 2032 339 2092; x_wconf 95' lang='lat' dir='ltr'>id</span> <span class='ocrx_word' id='word_1_163' title='bbox 361 2038 508 2110; x_wconf 86' lang='lat' dir='ltr'>rogaret,</span> <span class='ocrx_word' id='word_1_164' title='bbox 525 2042 823 2107; x_wconf 84' lang='lat' dir='ltr'>commemoratam,</span> <span class='ocrx_word' id='word_1_165' title='bbox 840 2033 935 2094; x_wconf 86' lang='lat' dir='ltr'>finem</span> <span class='ocrx_word' id='word_1_166' title='bbox 956 2051 1088 2112; x_wconf 88' lang='lat' dir='ltr'>quoqne</span> <span class='ocrx_word' id='word_1_167' title='bbox 1102 2032 1237 2112; x_wconf 82' lang='lat' dir='ltr'>exponit</span> <span class='ocrx_word' id='word_1_168' title='bbox 1259 2035 1302 2096; x_wconf 88' lang='lat' dir='ltr'>oh</span> 
     </span>
     <span class='ocr_line' id='line_1_19' title="bbox 163 2131 1303 2214; baseline 0 -19"><span class='ocrx_word' id='word_1_169' title='bbox 163 2153 261 2214; x_wconf 89' lang='lat' dir='ltr'>quem</span> <span class='ocrx_word' id='word_1_170' title='bbox 282 2138 372 2213; x_wconf 91' lang='lat' dir='ltr'>optat</span> <span class='ocrx_word' id='word_1_171' title='bbox 392 2141 430 2195; x_wconf 92' lang='lat' dir='ltr'>ut</span> <span class='ocrx_word' id='word_1_172' title='bbox 450 2133 602 2213; x_wconf 89' lang='lat' dir='ltr'>discipuli</span> <span class='ocrx_word' id='word_1_173' title='bbox 623 2131 690 2194; x_wconf 80' lang='lat' dir='ltr'>sint</span> <span class='ocrx_word' id='word_1_174' title='bbox 715 2152 827 2206; x_wconf 78' lang='lat' dir='ltr'>onom,</span> <span class='ocrx_word' id='word_1_175' title='bbox 849 2134 941 2213; x_wconf 88' lang='lat' dir='ltr'>isque</span> <span class='ocrx_word' id='word_1_176' title='bbox 968 2142 1028 2210; x_wconf 91' lang='lat' dir='ltr'>est,</span> <span class='ocrx_word' id='word_1_177' title='bbox 1050 2133 1166 2213; x_wconf 90' lang='lat' dir='ltr'>inquit,</span> <span class='ocrx_word' id='word_1_178' title='bbox 1188 2143 1224 2195; x_wconf 78' lang='lat' dir='ltr'>ut</span> <span class='ocrx_word' id='word_1_179' title='bbox 1245 2134 1303 2195; x_wconf 81' lang='lat' dir='ltr'>ho·</span> 
     </span>
     <span class='ocr_line' id='line_1_20' title="bbox 164 2233 1303 2314; baseline 0.002 -19"><span class='ocrx_word' id='word_1_180' title='bbox 164 2235 254 2296; x_wconf 83' lang='lat' dir='ltr'>beant</span> <span class='ocrx_word' id='word_1_181' title='bbox 281 2233 432 2313; x_wconf 74' lang='lat' dir='ltr'>pendium</span> <span class='ocrx_word' id='word_1_182' title='bbox 455 2253 555 2296; x_wconf 83' lang='lat' dir='ltr'>meum</span> <span class='ocrx_word' id='word_1_183' title='bbox 576 2233 734 2314; x_wconf 77' lang='lat' dir='ltr'>impletum</span> <span class='ocrx_word' id='word_1_184' title='bbox 761 2233 798 2296; x_wconf 81' lang='lat' dir='ltr'>in</span> <span class='ocrx_word' id='word_1_185' title='bbox 823 2233 991 2313; x_wconf 81' lang='lat' dir='ltr'>semetipsis</span> <span class='ocrx_word' id='word_1_186' title='bbox 1003 2253 1020 2307; x_wconf 86' lang='lat'>,·</span> <span class='ocrx_word' id='word_1_187' title='bbox 1042 2253 1212 2314; x_wconf 88' lang='lat' dir='ltr'>quumque</span> <span class='ocrx_word' id='word_1_188' title='bbox 1233 2253 1303 2297; x_wconf 90' lang='lat' dir='ltr'>ma·</span> 
     </span>
     <span class='ocr_line' id='line_1_21' title="bbox 165 2333 1304 2416; baseline 0.001 -18"><span class='ocrx_word' id='word_1_189' title='bbox 165 2337 279 2398; x_wconf 93' lang='lat' dir='ltr'>nifeste</span> <span class='ocrx_word' id='word_1_190' title='bbox 299 2341 408 2416; x_wconf 90' lang='lat' dir='ltr'>pateat</span> <span class='ocrx_word' id='word_1_191' title='bbox 431 2335 583 2415; x_wconf 75' lang='lat' dir='ltr'>pendium</span> <span class='ocrx_word' id='word_1_192' title='bbox 611 2333 749 2397; x_wconf 81' lang='lat' dir='ltr'>alicuius</span> <span class='ocrx_word' id='word_1_193' title='bbox 779 2336 862 2397; x_wconf 92' lang='lat' dir='ltr'>illud</span> <span class='ocrx_word' id='word_1_194' title='bbox 890 2337 1095 2398; x_wconf 86' lang='lat' dir='ltr'>solummodo</span> <span class='ocrx_word' id='word_1_195' title='bbox 1121 2337 1183 2397; x_wconf 90' lang='lat' dir='ltr'>dici</span> <span class='ocrx_word' id='word_1_196' title='bbox 1207 2354 1304 2416; x_wconf 89' lang='lat' dir='ltr'>posse</span> 
     </span>
     <span class='ocr_line' id='line_1_22' title="bbox 169 2435 1305 2518; baseline 0 -19"><span class='ocrx_word' id='word_1_197' title='bbox 169 2455 235 2517; x_wconf 91' lang='lat' dir='ltr'>quo</span> <span class='ocrx_word' id='word_1_198' title='bbox 255 2437 281 2498; x_wconf 92' lang='lat' dir='ltr'>is</span> <span class='ocrx_word' id='word_1_199' title='bbox 303 2435 454 2510; x_wconf 81' lang='lat' dir='ltr'>afficitur,</span> <span class='ocrx_word' id='word_1_200' title='bbox 477 2438 597 2499; x_wconf 89' lang='lat' dir='ltr'>horum</span> <span class='ocrx_word' id='word_1_201' title='bbox 622 2455 733 2500; x_wconf 90' lang='lat' dir='ltr'>sensus</span> <span class='ocrx_word' id='word_1_202' title='bbox 759 2443 818 2499; x_wconf 88' lang='lat' dir='ltr'>est:</span> <span class='ocrx_word' id='word_1_203' title='bbox 846 2435 889 2498; x_wconf 87' lang='lat' dir='ltr'>Vt</span> <span class='ocrx_word' id='word_1_204' title='bbox 913 2437 1052 2499; x_wconf 86' lang='lat' dir='ltr'>habeant</span> <span class='ocrx_word' id='word_1_205' title='bbox 1071 2437 1103 2498; x_wconf 94' lang='lat' dir='ltr'>in</span> <span class='ocrx_word' id='word_1_206' title='bbox 1124 2438 1305 2518; x_wconf 88' lang='lat' dir='ltr'>semetipsis</span> 
     </span>
     <span class='ocr_line' id='line_1_23' title="bbox 169 2534 1308 2617; baseline 0.003 -20"><span class='ocrx_word' id='word_1_207' title='bbox 169 2537 296 2616; x_wconf 90' lang='lat' dir='ltr'>dequo</span> <span class='ocrx_word' id='word_1_208' title='bbox 331 2555 390 2616; x_wconf 85' lang='lat' dir='ltr'>ego</span> <span class='ocrx_word' id='word_1_209' title='bbox 425 2537 519 2617; x_wconf 89' lang='lat' dir='ltr'>plene</span> <span class='ocrx_word' id='word_1_210' title='bbox 553 2536 722 2616; x_wconf 84' lang='lat' dir='ltr'>gaudeam.</span> <span class='ocrx_word' id='word_1_211' title='bbox 753 2534 872 2600; x_wconf 82' lang='lat' dir='ltr'>Confer</span> <span class='ocrx_word' id='word_1_212' title='bbox 899 2535 946 2599; x_wconf 93' lang='lat' dir='ltr'>Io.</span> <span class='ocrx_word' id='word_1_213' title='bbox 973 2537 1052 2613; x_wconf 86' lang='lat' dir='ltr'>XV,</span> <span class='ocrx_word' id='word_1_214' title='bbox 1074 2534 1124 2601; x_wconf 93' lang='grc'>11.</span> <span class='ocrx_word' id='word_1_215' title='bbox 1148 2570 1188 2582; x_wconf 97' lang='grc'><strong>-</strong></span> <span class='ocrx_word' id='word_1_216' title='bbox 1212 2535 1308 2600; x_wconf 90' lang='lat' dir='ltr'>Chri·</span> 
     </span>
     <span class='ocr_line' id='line_1_24' title="bbox 172 2637 1308 2701; baseline 0 -1"><span class='ocrx_word' id='word_1_217' title='bbox 172 2644 240 2700; x_wconf 90' lang='lat' dir='ltr'>stus</span> <span class='ocrx_word' id='word_1_218' title='bbox 260 2637 317 2698; x_wconf 90' lang='lat' dir='ltr'>illa</span> <span class='ocrx_word' id='word_1_219' title='bbox 337 2644 431 2699; x_wconf 87' lang='lat' dir='ltr'>nocte</span> <span class='ocrx_word' id='word_1_220' title='bbox 461 2638 584 2700; x_wconf 91' lang='lat' dir='ltr'>multus</span> <span class='ocrx_word' id='word_1_221' title='bbox 616 2639 679 2701; x_wconf 95' lang='lat' dir='ltr'>fuit</span> <span class='ocrx_word' id='word_1_222' title='bbox 698 2639 731 2699; x_wconf 94' lang='lat' dir='ltr'>in</span> <span class='ocrx_word' id='word_1_223' title='bbox 751 2639 1003 2701; x_wconf 86' lang='lat' dir='ltr'>commendanda</span> <span class='ocrx_word' id='word_1_224' title='bbox 1033 2645 1148 2700; x_wconf 85' lang='lat' dir='ltr'>mutua</span> <span class='ocrx_word' id='word_1_225' title='bbox 1169 2639 1308 2701; x_wconf 89' lang='lat' dir='ltr'>caritate</span> 
     </span>
     <span class='ocr_line' id='line_1_25' title="bbox 172 2739 1308 2819; baseline 0.002 -19"><span class='ocrx_word' id='word_1_226' title='bbox 172 2746 270 2818; x_wconf 90' lang='lat' dir='ltr'>atque</span> <span class='ocrx_word' id='word_1_227' title='bbox 292 2739 474 2800; x_wconf 91' lang='lat' dir='ltr'>animorum</span> <span class='ocrx_word' id='word_1_228' title='bbox 495 2739 719 2803; x_wconf 89' lang='lat' dir='ltr'>coniunctione</span> <span class='ocrx_word' id='word_1_229' title='bbox 731 2759 742 2819; x_wconf 84' lang='lat'>3</span> <span class='ocrx_word' id='word_1_230' title='bbox 767 2740 855 2802; x_wconf 88' lang='lat' dir='ltr'>addit</span> <span class='ocrx_word' id='word_1_231' title='bbox 882 2741 943 2802; x_wconf 90' lang='lat' dir='ltr'>hac</span> <span class='ocrx_word' id='word_1_232' title='bbox 971 2758 1007 2802; x_wconf 88' lang='lat' dir='ltr'>re</span> <span class='ocrx_word' id='word_1_233' title='bbox 1029 2739 1146 2819; x_wconf 83' lang='lat' dir='ltr'>gaudio</span> <span class='ocrx_word' id='word_1_234' title='bbox 1166 2757 1228 2802; x_wconf 91' lang='lat' dir='ltr'>suo</span> <span class='ocrx_word' id='word_1_235' title='bbox 1251 2757 1308 2802; x_wconf 85' lang='lat' dir='ltr'>cu·</span> 
     </span>
     <span class='ocr_line' id='line_1_26' title="bbox 173 2841 1280 2906; baseline -0.003 0"><span class='ocrx_word' id='word_1_236' title='bbox 173 2843 300 2906; x_wconf 91' lang='lat' dir='ltr'>mulum</span> <span class='ocrx_word' id='word_1_237' title='bbox 320 2841 486 2904; x_wconf 88' lang='lat' dir='ltr'>accedere.</span> <span class='ocrx_word' id='word_1_238' title='bbox 1277 2875 1280 2879; x_wconf 37' lang='lat'><strong>²</strong></span> 
     </span>
    </p>
   </div>
   <div class='ocr_carea' id='block_1_2' title="bbox 176 2938 1317 4035">
    <p class='ocr_par' dir='ltr' id='par_1_4' title="bbox 176 2938 1317 4035">
     <span class='ocr_line' id='line_1_27' title="bbox 255 2938 1305 3025; baseline -0.003 -19"><span class='ocrx_word' id='word_1_239' title='bbox 255 2962 310 3006; x_wconf 87' lang='lat' dir='ltr'>vv.</span> <span class='ocrx_word' id='word_1_240' title='bbox 331 2938 460 3006; x_wconf 83' lang='lat' dir='ltr'>tt-te.</span> <span class='ocrx_word' id='word_1_241' title='bbox 487 2944 649 3019; x_wconf 80' lang='lat' dir='ltr'>Alterum,</span> <span class='ocrx_word' id='word_1_242' title='bbox 676 2944 763 3025; x_wconf 87' lang='lat' dir='ltr'>quod</span> <span class='ocrx_word' id='word_1_243' title='bbox 785 2962 845 3025; x_wconf 87' lang='lat' dir='ltr'>pro</span> <span class='ocrx_word' id='word_1_244' title='bbox 866 2942 1030 3023; x_wconf 91' lang='lat' dir='ltr'>discipulis</span> <span class='ocrx_word' id='word_1_245' title='bbox 1044 2939 1193 3006; x_wconf 91' lang='lat' dir='ltr'>Christus</span> <span class='ocrx_word' id='word_1_246' title='bbox 1214 2943 1305 3022; x_wconf 91' lang='lat' dir='ltr'>petit.</span> 
     </span>
     <span class='ocr_line' id='line_1_28' title="bbox 176 3041 1309 3121; baseline -0.002 -15"><span class='ocrx_word' id='word_1_247' title='bbox 176 3042 363 3106; x_wconf 89' lang='lat' dir='ltr'>Verborum</span> <span class='ocrx_word' id='word_1_248' title='bbox 383 3041 451 3121; x_wconf 78' lang='lat' dir='ltr'>Epo</span> <span class='ocrx_word' id='word_1_249' title='bbox 472 3042 543 3104; x_wconf 80' lang='lat' dir='ltr'>dedi</span> <span class='ocrx_word' id='word_1_250' title='bbox 561 3042 605 3105; x_wconf 83' lang='lat' dir='ltr'>eis</span> <span class='ocrx_word' id='word_1_251' title='bbox 629 3063 798 3106; x_wconf 82' lang='lat' dir='ltr'>sermonem</span> <span class='ocrx_word' id='word_1_252' title='bbox 811 3053 899 3106; x_wconf 79' lang='lat' dir='ltr'>tuum</span> <span class='ocrx_word' id='word_1_253' title='bbox 919 3063 1031 3106; x_wconf 89' lang='lat' dir='ltr'>sensus</span> <span class='ocrx_word' id='word_1_254' title='bbox 1044 3044 1129 3105; x_wconf 90' lang='lat' dir='ltr'>idem</span> <span class='ocrx_word' id='word_1_255' title='bbox 1150 3049 1200 3105; x_wconf 89' lang='lat' dir='ltr'>est</span> <span class='ocrx_word' id='word_1_256' title='bbox 1219 3061 1259 3106; x_wconf 85' lang='lat' dir='ltr'>ac</span> <span class='ocrx_word' id='word_1_257' title='bbox 1278 3043 1309 3104; x_wconf 90' lang='lat' dir='ltr'>in</span> 
     </span>
     <span class='ocr_line' id='line_1_29' title="bbox 179 3139 1306 3218; baseline -0.001 -12"><span class='ocrx_word' id='word_1_258' title='bbox 179 3162 212 3206; x_wconf 87' lang='lat' dir='ltr'>v.</span> <span class='ocrx_word' id='word_1_259' title='bbox 235 3139 255 3206; x_wconf 90' lang='lat'>8</span> <span class='ocrx_word' id='word_1_260' title='bbox 275 3143 358 3204; x_wconf 93' lang='lat' dir='ltr'>etin</span> <span class='ocrx_word' id='word_1_261' title='bbox 379 3139 426 3203; x_wconf 84' lang='lat' dir='ltr'>lo.</span> <span class='ocrx_word' id='word_1_262' title='bbox 448 3139 520 3218; x_wconf 88' lang='lat' dir='ltr'>XV,</span> <span class='ocrx_word' id='word_1_263' title='bbox 535 3139 586 3206; x_wconf 81' lang='lat'>15.</span> <span class='ocrx_word' id='word_1_264' title='bbox 607 3142 844 3207; x_wconf 87' lang='lat' dir='ltr'>Sententiarum</span> <span class='ocrx_word' id='word_1_265' title='bbox 864 3149 975 3208; x_wconf 86' lang='lat' dir='ltr'>autem</span> <span class='ocrx_word' id='word_1_266' title='bbox 995 3161 1158 3205; x_wconf 81' lang='lat' dir='ltr'>connexus</span> <span class='ocrx_word' id='word_1_267' title='bbox 1178 3143 1225 3205; x_wconf 88' lang='lat' dir='ltr'>sic</span> <span class='ocrx_word' id='word_1_268' title='bbox 1246 3148 1306 3205; x_wconf 87' lang='lat' dir='ltr'>est:</span> 
     </span>
     <span class='ocr_line' id='line_1_30' title="bbox 182 3239 1311 3323; baseline -0.002 -17"><span class='ocrx_word' id='word_1_269' title='bbox 182 3243 250 3323; x_wconf 78' lang='lat' dir='ltr'>Epo</span> <span class='ocrx_word' id='word_1_270' title='bbox 270 3241 341 3304; x_wconf 85' lang='lat' dir='ltr'>dedi</span> <span class='ocrx_word' id='word_1_271' title='bbox 363 3240 408 3303; x_wconf 82' lang='lat' dir='ltr'>eis</span> <span class='ocrx_word' id='word_1_272' title='bbox 430 3262 599 3305; x_wconf 81' lang='lat' dir='ltr'>sermonem</span> <span class='ocrx_word' id='word_1_273' title='bbox 622 3253 728 3317; x_wconf 74' lang='lat' dir='ltr'>tuom5</span> <span class='ocrx_word' id='word_1_274' title='bbox 753 3245 827 3307; x_wconf 91' lang='lat' dir='ltr'>hinc</span> <span class='ocrx_word' id='word_1_275' title='bbox 847 3244 942 3320; x_wconf 90' lang='lat' dir='ltr'>illud,</span> <span class='ocrx_word' id='word_1_276' title='bbox 965 3251 1003 3307; x_wconf 92' lang='lat' dir='ltr'>ut</span> <span class='ocrx_word' id='word_1_277' title='bbox 1024 3244 1159 3305; x_wconf 80' lang='lat' dir='ltr'>mondus</span> <span class='ocrx_word' id='word_1_278' title='bbox 1172 3261 1223 3304; x_wconf 78' lang='lat' dir='ltr'>eos</span> <span class='ocrx_word' id='word_1_279' title='bbox 1240 3239 1311 3305; x_wconf 79' lang='lat' dir='ltr'>odio</span> 
     </span>
     <span class='ocr_line' id='line_1_31' title="bbox 182 3340 1312 3426; baseline -0.004 -18"><span class='ocrx_word' id='word_1_280' title='bbox 182 3343 423 3424; x_wconf 62' lang='lat' dir='ltr'>habeatque,</span> <span class='ocrx_word' id='word_1_281' title='bbox 444 3364 546 3425; x_wconf 90' lang='lat' dir='ltr'>quum</span> <span class='ocrx_word' id='word_1_282' title='bbox 567 3365 735 3407; x_wconf 82' lang='lat' dir='ltr'>sermonem</span> <span class='ocrx_word' id='word_1_283' title='bbox 756 3354 844 3407; x_wconf 80' lang='lat' dir='ltr'>tuom</span> <span class='ocrx_word' id='word_1_284' title='bbox 864 3346 924 3426; x_wconf 92' lang='lat' dir='ltr'>ipsi</span> <span class='ocrx_word' id='word_1_285' title='bbox 944 3345 1127 3424; x_wconf 87' lang='lat' dir='ltr'>acceperint</span> <span class='ocrx_word' id='word_1_286' title='bbox 1147 3340 1204 3424; x_wconf 72' lang='grc'><strong>(1),</strong></span> <span class='ocrx_word' id='word_1_287' title='bbox 1219 3344 1312 3404; x_wconf 86' lang='lat' dir='ltr'>mihi-</span> 
     </span>
     <span class='ocr_line' id='line_1_32' title="bbox 182 3444 1313 3527; baseline -0.004 -17"><span class='ocrx_word' id='word_1_288' title='bbox 182 3466 247 3527; x_wconf 88' lang='lat' dir='ltr'>que</span> <span class='ocrx_word' id='word_1_289' title='bbox 274 3445 499 3523; x_wconf 88' lang='lat' dir='ltr'>adhaeserint,</span> <span class='ocrx_word' id='word_1_290' title='bbox 525 3447 588 3508; x_wconf 91' lang='lat' dir='ltr'>iam</span> <span class='ocrx_word' id='word_1_291' title='bbox 613 3464 678 3508; x_wconf 83' lang='lat' dir='ltr'>nott</span> <span class='ocrx_word' id='word_1_292' title='bbox 698 3455 773 3508; x_wconf 80' lang='lat' dir='ltr'>sunt</span> <span class='ocrx_word' id='word_1_293' title='bbox 792 3447 828 3506; x_wconf 88' lang='lat' dir='ltr'>de</span> <span class='ocrx_word' id='word_1_294' title='bbox 848 3447 987 3518; x_wconf 82' lang='lat' dir='ltr'>mnodo,</span> <span class='ocrx_word' id='word_1_295' title='bbox 1012 3444 1095 3506; x_wconf 82' lang='lat' dir='ltr'>sicut</span> <span class='ocrx_word' id='word_1_296' title='bbox 1118 3453 1147 3506; x_wconf 86' lang='lat' dir='ltr'>et</span> <span class='ocrx_word' id='word_1_297' title='bbox 1173 3463 1228 3523; x_wconf 77' lang='lat' dir='ltr'>epo</span> <span class='ocrx_word' id='word_1_298' title='bbox 1248 3463 1313 3505; x_wconf 80' lang='lat' dir='ltr'>noo</span> 
     </span>
     <span class='ocr_line' id='line_1_33' title="bbox 180 3545 1312 3627; baseline -0.002 -19"><span class='ocrx_word' id='word_1_299' title='bbox 180 3565 253 3608; x_wconf 81' lang='lat' dir='ltr'>som</span> <span class='ocrx_word' id='word_1_300' title='bbox 270 3547 305 3606; x_wconf 81' lang='lat' dir='ltr'>de</span> <span class='ocrx_word' id='word_1_301' title='bbox 325 3547 451 3607; x_wconf 75' lang='lat' dir='ltr'>accedo.</span> <span class='ocrx_word' id='word_1_302' title='bbox 478 3545 589 3622; x_wconf 88' lang='lat' dir='ltr'>Quare</span> <span class='ocrx_word' id='word_1_303' title='bbox 607 3567 696 3627; x_wconf 77' lang='lat' dir='ltr'>rope,</span> <span class='ocrx_word' id='word_1_304' title='bbox 712 3566 776 3609; x_wconf 80' lang='lat' dir='ltr'>hoo</span> <span class='ocrx_word' id='word_1_305' title='bbox 797 3556 833 3608; x_wconf 81' lang='lat' dir='ltr'>ot</span> <span class='ocrx_word' id='word_1_306' title='bbox 852 3548 945 3607; x_wconf 80' lang='lat' dir='ltr'>tollas</span> <span class='ocrx_word' id='word_1_307' title='bbox 966 3566 1014 3608; x_wconf 85' lang='lat' dir='ltr'>eos</span> <span class='ocrx_word' id='word_1_308' title='bbox 1029 3547 1064 3606; x_wconf 85' lang='lat' dir='ltr'>de</span> <span class='ocrx_word' id='word_1_309' title='bbox 1077 3546 1209 3620; x_wconf 81' lang='lat' dir='ltr'>mondo,</span> <span class='ocrx_word' id='word_1_310' title='bbox 1225 3545 1312 3624; x_wconf 87' lang='lat' dir='ltr'>quod</span> 
     </span>
     <span class='ocr_line' id='line_1_34' title="bbox 180 3648 1313 3727; baseline -0.002 -16"><span class='ocrx_word' id='word_1_311' title='bbox 180 3649 247 3711; x_wconf 86' lang='lat' dir='ltr'>sine</span> <span class='ocrx_word' id='word_1_312' title='bbox 277 3648 420 3710; x_wconf 84' lang='lat' dir='ltr'>maximo</span> <span class='ocrx_word' id='word_1_313' title='bbox 452 3650 617 3711; x_wconf 91' lang='lat' dir='ltr'>hominum</span> <span class='ocrx_word' id='word_1_314' title='bbox 650 3650 765 3712; x_wconf 92' lang='lat' dir='ltr'>damno</span> <span class='ocrx_word' id='word_1_315' title='bbox 786 3667 850 3711; x_wconf 94' lang='lat' dir='ltr'>non</span> <span class='ocrx_word' id='word_1_316' title='bbox 870 3649 984 3724; x_wconf 88' lang='lat' dir='ltr'>fieret,</span> <span class='ocrx_word' id='word_1_317' title='bbox 1007 3648 1059 3708; x_wconf 81' lang='lat' dir='ltr'>sed</span> <span class='ocrx_word' id='word_1_318' title='bbox 1078 3656 1114 3709; x_wconf 81' lang='lat' dir='ltr'>ut</span> <span class='ocrx_word' id='word_1_319' title='bbox 1136 3666 1238 3727; x_wconf 72' lang='lat' dir='ltr'>serpes</span> <span class='ocrx_word' id='word_1_320' title='bbox 1264 3650 1313 3709; x_wconf 74' lang='lat' dir='ltr'>eos</span> 
     </span>
     <span class='ocr_line' id='line_1_35' title="bbox 182 3747 1314 3847; baseline -0.005 -31"><span class='ocrx_word' id='word_1_321' title='bbox 182 3756 219 3818; x_wconf 71' lang='lat' dir='ltr'>ea</span> <span class='ocrx_word' id='word_1_322' title='bbox 240 3770 295 3814; x_wconf 77' lang='grc' dir='ltr'>του</span> <span class='ocrx_word' id='word_1_323' title='bbox 318 3770 456 3847; x_wconf 68' lang='lat' dir='ltr'>conopeo</span> <span class='ocrx_word' id='word_1_324' title='bbox 477 3750 673 3831; x_wconf 74' lang='lat' dir='ltr'>acimprobe</span> <span class='ocrx_word' id='word_1_325' title='bbox 696 3752 773 3830; x_wconf 84' lang='lat' dir='ltr'>(dat</span> <span class='ocrx_word' id='word_1_326' title='bbox 793 3747 990 3829; x_wconf 77' lang='lat' dir='ltr'>matcoqio),</span> <span class='ocrx_word' id='word_1_327' title='bbox 1015 3767 1079 3828; x_wconf 87' lang='lat' dir='ltr'>qua</span> <span class='ocrx_word' id='word_1_328' title='bbox 1104 3747 1239 3828; x_wconf 80' lang='lat' dir='ltr'>improbi</span> <span class='ocrx_word' id='word_1_329' title='bbox 1259 3766 1314 3828; x_wconf 90' lang='lat' dir='ltr'>ap-</span> 
     </span>
     <span class='ocr_line' id='line_1_36' title="bbox 178 3849 1317 3937; baseline -0.006 -20"><span class='ocrx_word' id='word_1_330' title='bbox 178 3853 353 3937; x_wconf 89' lang='lat' dir='ltr'>pellatione</span> <span class='ocrx_word' id='word_1_331' title='bbox 377 3855 443 3934; x_wconf 93' lang='lat' dir='ltr'>ipse</span> <span class='ocrx_word' id='word_1_332' title='bbox 467 3854 606 3915; x_wconf 90' lang='lat' dir='ltr'>mundus</span> <span class='ocrx_word' id='word_1_333' title='bbox 635 3853 831 3932; x_wconf 81' lang='lat' dir='ltr'>designatur.</span> <span class='ocrx_word' id='word_1_334' title='bbox 845 3885 885 3896; x_wconf 86' lang='lat'>—</span> <span class='ocrx_word' id='word_1_335' title='bbox 899 3850 1048 3915; x_wconf 87' lang='lat' dir='ltr'>Notanda</span> <span class='ocrx_word' id='word_1_336' title='bbox 1073 3851 1121 3912; x_wconf 89' lang='lat' dir='ltr'>vis</span> <span class='ocrx_word' id='word_1_337' title='bbox 1151 3849 1317 3930; x_wconf 89' lang='lat' dir='ltr'>praeposi-</span> 
     </span>
     <span class='ocr_line' id='line_1_37' title="bbox 180 3949 1314 4035; baseline -0.005 -16"><span class='ocrx_word' id='word_1_338' title='bbox 180 3956 274 4019; x_wconf 91' lang='lat' dir='ltr'>tionis</span> <span class='ocrx_word' id='word_1_339' title='bbox 293 3949 330 4021; x_wconf 83' lang='grc' dir='ltr'>ἔκ</span> <span class='ocrx_word' id='word_1_340' title='bbox 352 3974 403 4029; x_wconf 76' lang='lat' dir='ltr'>ec,</span> <span class='ocrx_word' id='word_1_341' title='bbox 419 3975 503 4035; x_wconf 91' lang='lat' dir='ltr'>quae</span> <span class='ocrx_word' id='word_1_342' title='bbox 523 3956 555 4017; x_wconf 93' lang='lat' dir='ltr'>in</span> <span class='ocrx_word' id='word_1_343' title='bbox 576 3957 637 4017; x_wconf 90' lang='lat' dir='ltr'>hae</span> <span class='ocrx_word' id='word_1_344' title='bbox 653 3956 828 4018; x_wconf 87' lang='lat' dir='ltr'>verborum</span> <span class='ocrx_word' id='word_1_345' title='bbox 847 3953 1088 4016; x_wconf 90' lang='lat' dir='ltr'>constructione</span> <span class='ocrx_word' id='word_1_346' title='bbox 1100 3952 1314 4015; x_wconf 84' lang='lat' dir='ltr'>secretionem</span> 
     </span>
    </p>
   </div>
   <div class='ocr_carea' id='block_1_3' title="bbox 249 4166 490 4237">
    <p class='ocr_par' dir='ltr' id='par_1_5' title="bbox 249 4166 490 4237">
     <span class='ocr_line' id='line_1_38' title="bbox 249 4166 490 4237; baseline -0.008 -16"><span class='ocrx_word' id='word_1_347' title='bbox 249 4169 286 4237; x_wconf 77' lang='lat'>(1)</span> <span class='ocrx_word' id='word_1_348' title='bbox 304 4169 399 4222; x_wconf 82' lang='lat' dir='ltr'>Confer</span> <span class='ocrx_word' id='word_1_349' title='bbox 417 4182 442 4220; x_wconf 83' lang='lat' dir='ltr'>v.</span> <span class='ocrx_word' id='word_1_350' title='bbox 462 4166 490 4219; x_wconf 83' lang='lat'>8.</span> 
     </span>
    </p>
   </div>
   <div class='ocr_carea' id='block_1_4' title="bbox 0 0 1536 4912">
    <p class='ocr_par' dir='ltr' id='par_1_6' title="bbox 0 0 1536 4912">
     <span class='ocr_line' id='line_1_39' title="bbox 0 0 1536 4912; baseline 0 0"><span class='ocrx_word' id='word_1_351' title='bbox 0 0 1536 4912; x_wconf 95' lang='lat' dir='ltr'> </span> 
     </span>
    </p>
   </div>
  </div>
 </body>
</html>
