2986 4912
168 304 228 373 108
511 322 540 370 m
563 321 699 370 tonnam
721 320 969 370 eonnnnmmvn
1278 379 1281 384 ,

204 450 206 454 -
250 427 282 474 r.
304 405 355 472 31.
379 405 431 472 Sic
450 405 580 474 Manere
600 406 637 469 ia
658 406 789 470 tenebris
805 403 875 488 (1),
895 406 1026 472 Mancre
1045 404 1083 486 ia
1103 403 1223 466 lamine
1246 401 1289 485 (2)
1298 446 1310 478 ,

169 510 301 576 Manere
320 509 358 573 ia
377 519 473 572 morte
486 509 527 590 (3)
539 554 551 584 ,
563 509 694 574 Manere
714 509 750 572 ia
771 508 938 571 dilectione
949 505 991 589 (lt)
1003 551 1015 583 ,
1027 505 1157 574 Manere
1178 506 1215 568 ia
1238 507 1312 572 cita·

168 611 262 676 ritate
273 612 339 693 (5),
355 612 543 675 Permanere
563 612 599 674 ia
620 610 768 674 doctrina
792 609 909 674 Christi
924 609 978 692 (6).

242 735 274 779 v.
294 713 345 778 32.
372 707 462 778 Sicut
483 724 559 779 sunt
578 715 634 795 qni
656 715 701 778 ita
722 713 830 777 lesum
846 720 1044 793 cognoscunt
1057 731 1126 774 esse
1142 709 1312 775 Christum

171 815 276 878 filium
295 813 367 892 Dei,
389 824 428 878 nt
448 824 556 878 tamen
576 834 640 877 non
660 813 697 876 ia
718 833 786 876 eam
807 815 949 885 madeat,
965 813 997 873 id
1016 812 1105 891 quod
1125 812 1190 873 iam
1210 830 1312 893 snpra

171 935 203 979 v.
223 913 265 979 28
284 915 583 992 animadvertimus,
606 916 652 978 sic
673 917 770 978 etiam
790 935 855 978 non
875 916 959 991 hoc,
983 914 1071 994 quod
1092 914 1164 994 quis
1185 911 1222 974 ia
1244 931 1312 975 cam

171 1017 278 1078 credat
287 1059 300 1090 ,
321 1016 475 1078 dicendus
497 1022 545 1080 est
565 1017 694 1097 plenam
714 1018 814 1080 simul
845 1015 966 1079 Christi
996 1017 1142 1079 notitiam
1173 1015 1311 1096 adeptus

173 1136 253 1180 esse.
277 1116 511 1198 Apostolorum
532 1138 665 1198 qnoque
686 1119 777 1195 fides,
799 1118 878 1181 dnm
899 1115 1047 1181 Christus
1061 1119 1093 1179 in
1107 1118 1204 1181 terris
1223 1133 1312 1179 man-

173 1218 235 1294 sit,
258 1225 297 1281 ιι)
315 1220 505 1300 imperleeta
526 1226 631 1295 esset,
655 1220 814 1283 videmus.
826 1252 867 1262 —
882 1216 1028 1280 Veritatis
1047 1219 1175 1281 nomine
1195 1218 1229 1279 in
1249 1218 1311 1281 hoc

173 1319 248 1382 loeo
269 1319 469 1398 significatur
488 1320 647 1399 quidquid
668 1320 708 1382 de
729 1316 859 1382 Christo
887 1318 1085 1381 eredendum
1112 1324 1182 1397 est,
1212 1325 1311 1398 atquc

176 1420 257 1484 adeo
278 1422 345 1501 ipsa
374 1420 534 1485 Christus.
557 1419 677 1485 Confer
696 1442 728 1486 v.
750 1419 1023 1487 36.-[5655566
1042 1440 1110 1495 oos,
1131 1439 1150 1483 a
1170 1421 1312 1502 peccatis

176 1521 339 1584 videlicet.
362 1520 481 1585 Confer
502 1541 534 1588 v.
555 1517 680 1588 34-36.
696 1521 771 1586 Non
791 1541 871 1603 ergo
890 1523 960 1585 sola
982 1522 1061 1586 tides
1090 1521 1237 1585 homines
1265 1521 1330 1586 ἱιι-’

176 1622 303 1686 stificat.

255 1744 288 1788 v.
309 1721 361 1787 33.
384 1723 474 1788 Haec
494 1743 558 1788 non
578 1745 706 1803 eornm,
730 1726 787 1807 qni
808 1727 840 1788 in
861 1724 1028 1790 Christum
1049 1725 1257 1789 crediderant
1280 1744 1311 1790 r.

175 1822 227 1904 30,
250 1827 350 1892 verba
371 1847 452 1905 esse,
474 1830 531 1891 sed
551 1829 773 1909 aliorum,qni
796 1829 880 1892 iorte
901 1835 1086 1911 praesentes
1101 1830 1248 1908 aderant,
1271 1829 1316 1893 in·

178 1928 352 2008 telligimns
374 1949 416 1993 ex
437 1927 558 1993 Christi
579 1949 746 2011 responso,
769 1931 962 2010 praesertim
981 1949 1025 1992 ex
1046 1950 1078 1994 v.
1098 1928 1150 1994 37.

250 2027 422 2108 Christus,
453 2032 501 2093 his
522 2032 740 2112 respondens,
768 2032 874 2113 primo
895 2030 1001 2108 illud,
1028 2032 1117 2110 quod
1137 2031 1235 2094 iidem
1261 2032 1315 2110 hi,

179 2147 283 2209 quum
304 2150 368 2193 non
387 2132 633 2209 intellexissent,
656 2134 827 2213 negabant,
850 2132 995 2214 explieat
1014 2152 1069 2196 vv.
1087 2125 1210 2213 ult-365
1232 2133 1319 2195 deiu-

179 2230 219 2293 de
240 2230 280 2293 de
301 2232 439 2308 ratione,
462 2240 718 2314 propterquam
738 2235 910 2314 negabant,
934 2234 1044 2313 aliqua
1065 2233 1243 2314 subiungit,
1266 2253 1319 2298 oc·

181 2331 342 2395 casionam
362 2333 436 2396 inde
458 2334 585 2414 capiens
607 2354 662 2398 eos
685 2336 902 2415 redarguendi
921 2355 953 2400 v.
976 2333 1027 2399 37.

259 2452 292 2496 v.
314 2431 364 2496 35.
389 2433 478 2497 Haec
500 2433 647 2500 Christus
668 2456 732 2498 non
752 2437 825 2500 ideo
846 2437 986 2517 protulit
1006 2442 1044 2500 ut
1068 2436 1320 2517 propositionem

183 2531 393 2597 confirmaret
414 2554 499 2613 quae
520 2541 569 2599 est
588 2537 622 2598 in
641 2557 674 2601 v.
689 2530 741 2614 36,
758 2557 864 2618 neque
878 2545 917 2601 nt
930 2539 1008 2601 hnic
1021 2539 1233 2619 propositioni
1247 2557 1322 2602 con-

184 2640 330 2698 necteret
350 2637 609 2718 complexionem
631 2657 716 2717 quae
736 2648 786 2702 est
804 2639 838 2700 in
859 2658 891 2704 r.
913 2635 966 2715 36,
986 2639 1041 2702 sed
1062 2648 1101 2702 nt
1121 2638 1233 2702 ludaei
1254 2636 1324 2702 s'en-

184 2736 282 2801 tirent
302 2758 401 2819 qnam
422 2739 663 2808 reformidanda
684 2747 769 2806 esset
789 2760 827 2804 ea
847 2741 1004 2816 servitus,
1028 2741 1206 2820 quantique
1227 2759 1266 2803 ea
1286 2742 1324 2804 li·

184 2838 291 2904 bertas
313 2841 471 2919 iacienda,
494 2842 534 2905 de
555 2844 674 2922 quibus
695 2862 802 2906 sermo
824 2848 908 2921 erat3
930 2858 1033 2921 quare
1046 2838 1219 2938 παρενθετα
1244 2842 1325 2904 haec

183 2947 269 3003 sunt.
286 2939 451 3005 Exhibeat
470 2949 580 3006 autem
601 2944 634 3004 in
654 2945 847 3008 universum
866 2944 1039 3007 discrimen
1058 2944 1147 3025 qnod
1168 2947 1217 3008 est
1240 2944 1327 3008 inter

185 3059 297 3106 servos
318 3049 351 3107 et
370 3044 476 3122 filios,
499 3064 567 3127 qno
587 3046 750 3110 inferatur
781 3064 942 3126 quaenam
972 3065 1042 3109 sors
1073 3042 1328 3126 serooscpeccati

186 3149 324 3206 maneat.

205 3330 207 3335 .
266 3262 297 3306 r.
320 3241 371 3309 36.
395 3244 589 3326 Argumenti
610 3249 805 3329 complexio.
830 3246 979 3313 Christus
999 3249 1209 3330 praedixerat
1237 3248 1329 3314 lutu-

188 3361 262 3406 rum
283 3353 321 3408 ut
341 3344 472 3420 ceritas,
492 3349 646 3412 nimirum
667 3351 736 3430 ipse
759 3348 920 3426 ChristnS,
943 3367 998 3411 eos
1017 3349 1139 3412 liberos
1160 3348 1326 3427 efficeret,

187 3443 245 3522 qni
265 3443 298 3504 in
317 3443 423 3525 ipsum
450 3448 658 3511 credidissent
677 3468 708 3512 v.
730 3446 780 3512 32.
805 3449 918 3513 ludaei
939 3451 1144 3531 opponebant
1163 3449 1235 3512 lieri
1264 3468 1329 3513 non

187 3563 280 3624 posse
301 3551 358 3622 ιι),
380 3547 439 3626 qui
458 3549 577 3612 nemini
598 3569 743 3630 unquam
763 3551 964 3628 servierant,
986 3552 1085 3614 liberi
1105 3550 1326 3616 efficerentur.

256 3684 504 3758 (nmmum

257 3777 296 3848 (2)
315 3782 326 3830 l
346 3779 388 3831 lo.
405 3781 442 3847 ΙΙ,
462 3781 507 3833 1⁰.

259 3870 488 3940 mumma

260 3959 297 4028 (i)
316 3966 356 4014 lo.
375 3964 434 4032 XV,
453 3963 479 4015 9.
500 3963 543 4016 lt).

261 4053 516 4127 minume

263 4145 445 4215 mnne
