<?xml version="1.0" encoding="UTF-8"?>
<!DOCTYPE html PUBLIC "-//W3C//DTD XHTML 1.0 Transitional//EN"
    "http://www.w3.org/TR/xhtml1/DTD/xhtml1-transitional.dtd">
<html xmlns="http://www.w3.org/1999/xhtml" xml:lang="en" lang="en">
 <head>
  <title>
</title>
<meta http-equiv="Content-Type" content="text/html;charset=utf-8" />
  <meta name='ocr-system' content='tesseract 3.04.00' />
  <meta name='ocr-capabilities' content='ocr_page ocr_carea ocr_par ocr_line ocrx_word'/>
</head>
<body>
  <div class='ocr_page' id='page_1' title='image "./franciscixaveri00patrgoog_0231.png"; bbox 0 0 2986 4912; ppageno 0'>
   <div class='ocr_carea' id='block_1_1' title="bbox 280 313 1423 509">
    <p class='ocr_par' dir='ltr' id='par_1_1' title="bbox 280 313 1423 509">
     <span class='ocr_line' id='line_1_1' title="bbox 280 313 1089 381; baseline 0 -1"><span class='ocrx_word' id='word_1_1' title='bbox 280 313 343 380; x_wconf 71' lang='lat'><strong>216</strong></span> <span class='ocrx_word' id='word_1_2' title='bbox 631 331 661 380; x_wconf 81' lang='lat' dir='ltr'><strong>ut</strong></span> <span class='ocrx_word' id='word_1_3' title='bbox 682 331 819 380; x_wconf 79' lang='lat' dir='ltr'><strong>romanu</strong></span> <span class='ocrx_word' id='word_1_4' title='bbox 841 330 1089 381; x_wconf 79' lang='lat' dir='ltr'><strong>corunnrrnrvn</strong></span> 
     </span>
     <span class='ocr_line' id='line_1_2' title="bbox 389 413 1423 509; baseline 0 -13"><span class='ocrx_word' id='word_1_5' title='bbox 389 413 441 496; x_wconf 82' lang='lat'><strong>33</strong></span> <span class='ocrx_word' id='word_1_6' title='bbox 470 419 525 496; x_wconf 81' lang='lat' dir='ltr'><strong>Ad</strong></span> <span class='ocrx_word' id='word_1_7' title='bbox 552 421 673 497; x_wconf 87' lang='lat' dir='ltr'><strong>lesum</strong></span> <span class='ocrx_word' id='word_1_8' title='bbox 700 434 823 497; x_wconf 89' lang='lat' dir='ltr'><strong>autem</strong></span> <span class='ocrx_word' id='word_1_9' title='bbox 852 422 1156 509; x_wconf 73' lang='grc'>333333133331,</span> <span class='ocrx_word' id='word_1_10' title='bbox 1185 435 1225 495; x_wconf 90' lang='lat' dir='ltr'><strong>ut</strong></span> <span class='ocrx_word' id='word_1_11' title='bbox 1254 421 1423 496; x_wconf 90' lang='lat' dir='ltr'><strong>viderunt</strong></span> 
     </span>
    </p>
   </div>
   <div class='ocr_carea' id='block_1_2' title="bbox 275 547 1426 3835">
    <p class='ocr_par' dir='ltr' id='par_1_2' title="bbox 284 547 1269 646">
     <span class='ocr_line' id='line_1_3' title="bbox 284 547 1269 646; baseline -0.001 -23"><span class='ocrx_word' id='word_1_12' title='bbox 284 570 369 623; x_wconf 86' lang='lat' dir='ltr'><strong>eum</strong></span> <span class='ocrx_word' id='word_1_13' title='bbox 396 547 469 621; x_wconf 89' lang='lat' dir='ltr'><strong>ianr</strong></span> <span class='ocrx_word' id='word_1_14' title='bbox 499 559 699 633; x_wconf 89' lang='lat' dir='ltr'><strong>mortuum,</strong></span> <span class='ocrx_word' id='word_1_15' title='bbox 727 570 800 621; x_wconf 92' lang='lat' dir='ltr'><strong>oon</strong></span> <span class='ocrx_word' id='word_1_16' title='bbox 827 547 1013 646; x_wconf 78' lang='lat' dir='ltr'><strong>fregerunt</strong></span> <span class='ocrx_word' id='word_1_17' title='bbox 1044 547 1123 623; x_wconf 87' lang='lat' dir='ltr'><strong>eius</strong></span> <span class='ocrx_word' id='word_1_18' title='bbox 1150 572 1269 632; x_wconf 81' lang='lat' dir='ltr'><strong>crura,</strong></span> 
     </span>
    </p>

    <p class='ocr_par' dir='ltr' id='par_1_3' title="bbox 287 667 1423 901">
     <span class='ocr_line' id='line_1_4' title="bbox 393 667 1423 775; baseline 0.001 -26"><span class='ocrx_word' id='word_1_19' title='bbox 393 667 446 750; x_wconf 77' lang='grc'><strong>31</strong></span> <span class='ocrx_word' id='word_1_20' title='bbox 473 674 537 749; x_wconf 83' lang='lat' dir='ltr'><strong>sed</strong></span> <span class='ocrx_word' id='word_1_21' title='bbox 564 698 658 748; x_wconf 87' lang='lat' dir='ltr'><strong>unns</strong></span> <span class='ocrx_word' id='word_1_22' title='bbox 684 673 843 749; x_wconf 90' lang='lat' dir='ltr'><strong>militnm</strong></span> <span class='ocrx_word' id='word_1_23' title='bbox 871 674 996 750; x_wconf 86' lang='lat' dir='ltr'><strong>lancea</strong></span> <span class='ocrx_word' id='word_1_24' title='bbox 1028 675 1124 750; x_wconf 88' lang='lat' dir='ltr'><strong>latus</strong></span> <span class='ocrx_word' id='word_1_25' title='bbox 1150 675 1229 751; x_wconf 87' lang='lat' dir='ltr'><strong>eius</strong></span> <span class='ocrx_word' id='word_1_26' title='bbox 1256 677 1423 775; x_wconf 88' lang='lat' dir='ltr'><strong>aperuit,</strong></span> 
     </span>
     <span class='ocr_line' id='line_1_5' title="bbox 287 801 1053 901; baseline 0.003 -24"><span class='ocrx_word' id='word_1_27' title='bbox 287 801 524 893; x_wconf 78' lang='grc'>3133311333</span> <span class='ocrx_word' id='word_1_28' title='bbox 552 801 667 876; x_wconf 83' lang='lat' dir='ltr'>exivit</span> <span class='ocrx_word' id='word_1_29' title='bbox 693 801 852 901; x_wconf 77' lang='lat' dir='ltr'><strong>sanguis,</strong></span> <span class='ocrx_word' id='word_1_30' title='bbox 880 814 918 876; x_wconf 89' lang='lat' dir='ltr'><strong>et</strong></span> <span class='ocrx_word' id='word_1_31' title='bbox 946 824 1053 901; x_wconf 87' lang='lat' dir='ltr'><strong>aqna.</strong></span> 
     </span>
    </p>

    <p class='ocr_par' dir='ltr' id='par_1_4' title="bbox 283 922 1426 1287">
     <span class='ocr_line' id='line_1_6' title="bbox 393 922 1425 1027; baseline -0.002 -24"><span class='ocrx_word' id='word_1_32' title='bbox 393 922 444 1004; x_wconf 87' lang='grc'><strong>35</strong></span> <span class='ocrx_word' id='word_1_33' title='bbox 472 927 521 1003; x_wconf 89' lang='grc' dir='ltr'><strong>Ε1</strong></span> <span class='ocrx_word' id='word_1_34' title='bbox 547 928 609 1027; x_wconf 91' lang='lat' dir='ltr'><strong>qui</strong></span> <span class='ocrx_word' id='word_1_35' title='bbox 634 928 736 1015; x_wconf 89' lang='lat' dir='ltr'><strong>vidit,</strong></span> <span class='ocrx_word' id='word_1_36' title='bbox 752 929 1000 1004; x_wconf 87' lang='lat' dir='ltr'><strong>testimonium</strong></span> <span class='ocrx_word' id='word_1_37' title='bbox 1021 926 1215 1026; x_wconf 77' lang='lat' dir='ltr'><strong>perhibuit:</strong></span> <span class='ocrx_word' id='word_1_38' title='bbox 1236 940 1425 1004; x_wconf 83' lang='lat' dir='ltr'><strong>utrorum</strong></span> 
     </span>
     <span class='ocr_line' id='line_1_7' title="bbox 286 1055 1426 1154; baseline -0.002 -22"><span class='ocrx_word' id='word_1_39' title='bbox 286 1070 344 1132; x_wconf 84' lang='lat' dir='ltr'><strong>est</strong></span> <span class='ocrx_word' id='word_1_40' title='bbox 363 1056 613 1132; x_wconf 85' lang='lat' dir='ltr'><strong>testimonium</strong></span> <span class='ocrx_word' id='word_1_41' title='bbox 643 1056 733 1131; x_wconf 87' lang='lat' dir='ltr'><strong>eins.</strong></span> <span class='ocrx_word' id='word_1_42' title='bbox 761 1055 810 1131; x_wconf 87' lang='lat' dir='ltr'><strong>Et</strong></span> <span class='ocrx_word' id='word_1_43' title='bbox 836 1055 896 1131; x_wconf 88' lang='grc'>1113</span> <span class='ocrx_word' id='word_1_44' title='bbox 924 1056 993 1131; x_wconf 85' lang='grc'>3311</span> <span class='ocrx_word' id='word_1_45' title='bbox 1020 1055 1104 1154; x_wconf 88' lang='lat' dir='ltr'><strong>quia</strong></span> <span class='ocrx_word' id='word_1_46' title='bbox 1131 1079 1216 1133; x_wconf 85' lang='lat' dir='ltr'><strong>vera</strong></span> <span class='ocrx_word' id='word_1_47' title='bbox 1243 1055 1354 1132; x_wconf 84' lang='lat' dir='ltr'><strong>dicit:</strong></span> <span class='ocrx_word' id='word_1_48' title='bbox 1384 1071 1426 1130; x_wconf 92' lang='lat' dir='ltr'><strong>ut</strong></span> 
     </span>
     <span class='ocr_line' id='line_1_8' title="bbox 283 1182 616 1287; baseline -0.006 -29"><span class='ocrx_word' id='word_1_49' title='bbox 283 1197 325 1269; x_wconf 88' lang='lat' dir='ltr'><strong>et</strong></span> <span class='ocrx_word' id='word_1_50' title='bbox 351 1205 417 1258; x_wconf 89' lang='lat' dir='ltr'><strong>vos</strong></span> <span class='ocrx_word' id='word_1_51' title='bbox 445 1182 616 1287; x_wconf 85' lang='lat' dir='ltr'><strong>credatis.</strong></span> 
     </span>
    </p>

    <p class='ocr_par' dir='ltr' id='par_1_5' title="bbox 289 1302 1424 1514">
     <span class='ocr_line' id='line_1_9' title="bbox 391 1302 1424 1410; baseline -0.001 -25"><span class='ocrx_word' id='word_1_52' title='bbox 391 1302 443 1385; x_wconf 88' lang='grc'><strong>36</strong></span> <span class='ocrx_word' id='word_1_53' title='bbox 471 1309 581 1386; x_wconf 78' lang='lat' dir='ltr'><strong>Facta</strong></span> <span class='ocrx_word' id='word_1_54' title='bbox 610 1322 695 1386; x_wconf 87' lang='lat' dir='ltr'><strong>sunt</strong></span> <span class='ocrx_word' id='word_1_55' title='bbox 722 1309 817 1385; x_wconf 91' lang='lat' dir='ltr'><strong>euim</strong></span> <span class='ocrx_word' id='word_1_56' title='bbox 847 1310 938 1385; x_wconf 89' lang='lat' dir='ltr'><strong>baec</strong></span> <span class='ocrx_word' id='word_1_57' title='bbox 969 1324 1011 1386; x_wconf 89' lang='lat' dir='ltr'><strong>ut</strong></span> <span class='ocrx_word' id='word_1_58' title='bbox 1037 1307 1221 1410; x_wconf 84' lang='lat' dir='ltr'><strong>Scriptura</strong></span> <span class='ocrx_word' id='word_1_59' title='bbox 1249 1309 1424 1409; x_wconf 88' lang='lat' dir='ltr'><strong>implere·</strong></span> 
     </span>
     <span class='ocr_line' id='line_1_10' title="bbox 289 1435 984 1514; baseline -0.003 -1"><span class='ocrx_word' id='word_1_60' title='bbox 289 1451 361 1513; x_wconf 87' lang='lat' dir='ltr'><strong>tur:</strong></span> <span class='ocrx_word' id='word_1_61' title='bbox 391 1435 442 1514; x_wconf 89' lang='grc'><strong>03</strong></span> <span class='ocrx_word' id='word_1_62' title='bbox 469 1461 541 1513; x_wconf 87' lang='grc'><strong>333</strong></span> <span class='ocrx_word' id='word_1_63' title='bbox 574 1437 827 1513; x_wconf 81' lang='lat' dir='ltr'><strong>comminuetis</strong></span> <span class='ocrx_word' id='word_1_64' title='bbox 855 1461 901 1513; x_wconf 85' lang='lat' dir='ltr'><strong>ex</strong></span> <span class='ocrx_word' id='word_1_65' title='bbox 928 1461 984 1514; x_wconf 90' lang='lat' dir='ltr'><strong>eo.</strong></span> 
     </span>
    </p>

    <p class='ocr_par' dir='ltr' id='par_1_6' title="bbox 283 1557 1424 1792">
     <span class='ocr_line' id='line_1_11' title="bbox 392 1557 1424 1664; baseline 0.001 -25"><span class='ocrx_word' id='word_1_66' title='bbox 392 1557 443 1639; x_wconf 82' lang='lat'><strong>37</strong></span> <span class='ocrx_word' id='word_1_67' title='bbox 472 1563 520 1640; x_wconf 86' lang='lat' dir='ltr'><strong>Et</strong></span> <span class='ocrx_word' id='word_1_68' title='bbox 547 1565 680 1640; x_wconf 90' lang='lat' dir='ltr'><strong>iterum</strong></span> <span class='ocrx_word' id='word_1_69' title='bbox 717 1565 787 1640; x_wconf 90' lang='grc'>3113</span> <span class='ocrx_word' id='word_1_70' title='bbox 820 1565 1004 1664; x_wconf 80' lang='lat' dir='ltr'><strong>Scriptura</strong></span> <span class='ocrx_word' id='word_1_71' title='bbox 1031 1566 1139 1643; x_wconf 85' lang='lat' dir='ltr'><strong>dicit:</strong></span> <span class='ocrx_word' id='word_1_72' title='bbox 1175 1563 1360 1642; x_wconf 82' lang='lat' dir='ltr'><strong>Videbunt</strong></span> <span class='ocrx_word' id='word_1_73' title='bbox 1389 1565 1424 1641; x_wconf 92' lang='lat' dir='ltr'><strong>in</strong></span> 
     </span>
     <span class='ocr_line' id='line_1_12' title="bbox 283 1693 692 1792; baseline 0.002 -25"><span class='ocrx_word' id='word_1_74' title='bbox 283 1714 393 1792; x_wconf 88' lang='lat' dir='ltr'><strong>quem</strong></span> <span class='ocrx_word' id='word_1_75' title='bbox 421 1693 692 1769; x_wconf 84' lang='lat' dir='ltr'><strong>transfixerunt.</strong></span> 
     </span>
    </p>

    <p class='ocr_par' dir='ltr' id='par_1_7' title="bbox 283 1814 1425 2409">
     <span class='ocr_line' id='line_1_13' title="bbox 314 1814 1425 1921; baseline 0 -25"><span class='ocrx_word' id='word_1_76' title='bbox 314 1854 318 1869; x_wconf 87' lang='lat'><em>·</em></span> <span class='ocrx_word' id='word_1_77' title='bbox 393 1814 445 1896; x_wconf 85' lang='lat'><strong>38</strong></span> <span class='ocrx_word' id='word_1_78' title='bbox 472 1820 560 1896; x_wconf 86' lang='lat' dir='ltr'><strong>Post</strong></span> <span class='ocrx_word' id='word_1_79' title='bbox 587 1822 678 1897; x_wconf 86' lang='lat' dir='ltr'><strong>haoo</strong></span> <span class='ocrx_word' id='word_1_80' title='bbox 704 1834 828 1897; x_wconf 90' lang='lat' dir='ltr'><strong>autem</strong></span> <span class='ocrx_word' id='word_1_81' title='bbox 855 1821 996 1920; x_wconf 78' lang='lat' dir='ltr'><strong>rogavit</strong></span> <span class='ocrx_word' id='word_1_82' title='bbox 1021 1819 1181 1899; x_wconf 81' lang='lat' dir='ltr'><strong>Pilatum</strong></span> <span class='ocrx_word' id='word_1_83' title='bbox 1215 1821 1351 1921; x_wconf 84' lang='lat' dir='ltr'><strong>loseph</strong></span> <span class='ocrx_word' id='word_1_84' title='bbox 1379 1821 1425 1897; x_wconf 91' lang='lat' dir='ltr'><strong>ab</strong></span> 
     </span>
     <span class='ocr_line' id='line_1_14' title="bbox 284 1946 1423 2048; baseline -0.001 -24"><span class='ocrx_word' id='word_1_85' title='bbox 284 1946 564 2046; x_wconf 69' lang='lat' dir='ltr'><strong>Arimathaem(</strong></span> <span class='ocrx_word' id='word_1_86' title='bbox 592 1948 758 2048; x_wconf 90' lang='lat' dir='ltr'><strong>eoquod</strong></span> <span class='ocrx_word' id='word_1_87' title='bbox 789 1960 887 2023; x_wconf 86' lang='lat' dir='ltr'><strong>esset</strong></span> <span class='ocrx_word' id='word_1_88' title='bbox 919 1946 1115 2047; x_wconf 81' lang='lat' dir='ltr'><strong>discipulus</strong></span> <span class='ocrx_word' id='word_1_89' title='bbox 1141 1948 1240 2036; x_wconf 86' lang='lat' dir='ltr'><strong>Iesu,</strong></span> <span class='ocrx_word' id='word_1_90' title='bbox 1253 1948 1423 2025; x_wconf 83' lang='lat' dir='ltr'><strong>occultus</strong></span> 
     </span>
     <span class='ocr_line' id='line_1_15' title="bbox 284 2073 1423 2175; baseline -0.002 -23"><span class='ocrx_word' id='word_1_91' title='bbox 284 2089 408 2155; x_wconf 91' lang='lat' dir='ltr'><strong>autem</strong></span> <span class='ocrx_word' id='word_1_92' title='bbox 435 2088 584 2175; x_wconf 92' lang='lat' dir='ltr'><strong>propter</strong></span> <span class='ocrx_word' id='word_1_93' title='bbox 611 2088 750 2151; x_wconf 90' lang='lat' dir='ltr'><strong>metum</strong></span> <span class='ocrx_word' id='word_1_94' title='bbox 775 2073 1019 2175; x_wconf 77' lang='lat' dir='ltr'><strong>ludaeorum)</strong></span> <span class='ocrx_word' id='word_1_95' title='bbox 1049 2088 1091 2150; x_wconf 91' lang='lat' dir='ltr'><strong>ut</strong></span> <span class='ocrx_word' id='word_1_96' title='bbox 1113 2076 1261 2151; x_wconf 87' lang='lat' dir='ltr'><strong>tolleret</strong></span> <span class='ocrx_word' id='word_1_97' title='bbox 1287 2099 1423 2175; x_wconf 81' lang='lat' dir='ltr'><strong>eorpus</strong></span> 
     </span>
     <span class='ocr_line' id='line_1_16' title="bbox 284 2202 1423 2305; baseline 0.001 -26"><span class='ocrx_word' id='word_1_98' title='bbox 284 2205 380 2281; x_wconf 86' lang='grc'>1333.</span> <span class='ocrx_word' id='word_1_99' title='bbox 407 2204 457 2280; x_wconf 89' lang='grc' dir='ltr'><strong>Ε1</strong></span> <span class='ocrx_word' id='word_1_100' title='bbox 484 2204 649 2302; x_wconf 84' lang='lat' dir='ltr'><strong>permisit</strong></span> <span class='ocrx_word' id='word_1_101' title='bbox 676 2202 830 2280; x_wconf 88' lang='lat' dir='ltr'><strong>Pilatus.</strong></span> <span class='ocrx_word' id='word_1_102' title='bbox 859 2202 966 2279; x_wconf 82' lang='lat' dir='ltr'><strong>Venit</strong></span> <span class='ocrx_word' id='word_1_103' title='bbox 992 2226 1093 2304; x_wconf 77' lang='lat' dir='ltr'><strong>ergo,</strong></span> <span class='ocrx_word' id='word_1_104' title='bbox 1120 2215 1159 2280; x_wconf 89' lang='lat' dir='ltr'><strong>et</strong></span> <span class='ocrx_word' id='word_1_105' title='bbox 1177 2203 1261 2282; x_wconf 92' lang='lat' dir='ltr'><strong>tulit</strong></span> <span class='ocrx_word' id='word_1_106' title='bbox 1287 2224 1423 2305; x_wconf 84' lang='lat' dir='ltr'><strong>corpus</strong></span> 
     </span>
     <span class='ocr_line' id='line_1_17' title="bbox 283 2332 380 2409; baseline -0.01 -2"><span class='ocrx_word' id='word_1_107' title='bbox 283 2332 380 2409; x_wconf 88' lang='lat' dir='ltr'><strong>lesu.</strong></span> 
     </span>
    </p>

    <p class='ocr_par' dir='ltr' id='par_1_8' title="bbox 284 2451 1425 2812">
     <span class='ocr_line' id='line_1_18' title="bbox 389 2451 1424 2566; baseline 0.001 -33"><span class='ocrx_word' id='word_1_108' title='bbox 389 2451 441 2533; x_wconf 82' lang='lat'><strong>39</strong></span> <span class='ocrx_word' id='word_1_109' title='bbox 469 2458 577 2533; x_wconf 88' lang='lat' dir='ltr'><strong>Venit</strong></span> <span class='ocrx_word' id='word_1_110' title='bbox 602 2469 725 2533; x_wconf 89' lang='lat' dir='ltr'><strong>autem</strong></span> <span class='ocrx_word' id='word_1_111' title='bbox 755 2471 793 2532; x_wconf 93' lang='lat' dir='ltr'><strong>et</strong></span> <span class='ocrx_word' id='word_1_112' title='bbox 825 2456 1043 2534; x_wconf 86' lang='lat' dir='ltr'><strong>Nicodemus</strong></span> <span class='ocrx_word' id='word_1_113' title='bbox 1058 2483 1079 2546; x_wconf 73' lang='grc'><strong>,’</strong></span> <span class='ocrx_word' id='word_1_114' title='bbox 1106 2459 1169 2558; x_wconf 87' lang='lat' dir='ltr'><strong>qui</strong></span> <span class='ocrx_word' id='word_1_115' title='bbox 1196 2471 1351 2566; x_wconf 85' lang='lat' dir='ltr'><strong>venerat</strong></span> <span class='ocrx_word' id='word_1_116' title='bbox 1381 2459 1424 2534; x_wconf 91' lang='lat' dir='ltr'><strong>ad</strong></span> 
     </span>
     <span class='ocr_line' id='line_1_19' title="bbox 285 2583 1425 2694; baseline 0.002 -35"><span class='ocrx_word' id='word_1_117' title='bbox 285 2586 405 2694; x_wconf 88' lang='lat' dir='ltr'><strong>lesum</strong></span> <span class='ocrx_word' id='word_1_118' title='bbox 437 2598 544 2661; x_wconf 83' lang='lat' dir='ltr'><strong>noete</strong></span> <span class='ocrx_word' id='word_1_119' title='bbox 572 2586 744 2685; x_wconf 92' lang='lat' dir='ltr'><strong>primum,</strong></span> <span class='ocrx_word' id='word_1_120' title='bbox 772 2585 891 2660; x_wconf 83' lang='lat' dir='ltr'><strong>ferens</strong></span> <span class='ocrx_word' id='word_1_121' title='bbox 924 2583 1124 2661; x_wconf 79' lang='lat' dir='ltr'><strong>mixturam</strong></span> <span class='ocrx_word' id='word_1_122' title='bbox 1161 2587 1360 2684; x_wconf 88' lang='lat' dir='ltr'><strong>myrrhae,</strong></span> <span class='ocrx_word' id='word_1_123' title='bbox 1388 2599 1425 2662; x_wconf 89' lang='lat' dir='ltr'><strong>et</strong></span> 
     </span>
     <span class='ocr_line' id='line_1_20' title="bbox 284 2713 908 2812; baseline -0.01 -23"><span class='ocrx_word' id='word_1_124' title='bbox 284 2714 397 2800; x_wconf 87' lang='grc'>31333,</span> <span class='ocrx_word' id='word_1_125' title='bbox 425 2714 528 2812; x_wconf 87' lang='lat' dir='ltr'><strong>quasi</strong></span> <span class='ocrx_word' id='word_1_126' title='bbox 560 2713 673 2789; x_wconf 86' lang='lat' dir='ltr'><strong>librae</strong></span> <span class='ocrx_word' id='word_1_127' title='bbox 699 2726 861 2788; x_wconf 87' lang='lat' dir='ltr'><strong>eentum.</strong></span> <span class='ocrx_word' id='word_1_128' title='bbox 904 2776 908 2783; x_wconf 92' lang='lat'><em>.</em></span> 
     </span>
    </p>

    <p class='ocr_par' dir='ltr' id='par_1_9' title="bbox 284 2835 1424 3169">
     <span class='ocr_line' id='line_1_21' title="bbox 390 2835 1424 2940; baseline 0.002 -24"><span class='ocrx_word' id='word_1_129' title='bbox 390 2835 442 2916; x_wconf 81' lang='lat' dir='ltr'><strong>ltO</strong></span> <span class='ocrx_word' id='word_1_130' title='bbox 469 2840 699 2940; x_wconf 81' lang='lat' dir='ltr'><strong>Aeroperunt</strong></span> <span class='ocrx_word' id='word_1_131' title='bbox 728 2864 815 2940; x_wconf 77' lang='lat' dir='ltr'><strong>ergo</strong></span> <span class='ocrx_word' id='word_1_132' title='bbox 844 2865 976 2940; x_wconf 83' lang='lat' dir='ltr'><strong>corpus</strong></span> <span class='ocrx_word' id='word_1_133' title='bbox 1002 2841 1111 2928; x_wconf 90' lang='lat' dir='ltr'><strong>lesu,</strong></span> <span class='ocrx_word' id='word_1_134' title='bbox 1152 2854 1191 2916; x_wconf 88' lang='lat' dir='ltr'><strong>ot</strong></span> <span class='ocrx_word' id='word_1_135' title='bbox 1217 2841 1424 2940; x_wconf 77' lang='lat' dir='ltr'><strong>ligaverunt</strong></span> 
     </span>
     <span class='ocr_line' id='line_1_22' title="bbox 285 2966 1423 3070; baseline 0.002 -27"><span class='ocrx_word' id='word_1_136' title='bbox 285 2966 373 3043; x_wconf 87' lang='lat' dir='ltr'><strong>illud</strong></span> <span class='ocrx_word' id='word_1_137' title='bbox 388 2967 509 3044; x_wconf 88' lang='lat' dir='ltr'><strong>linteis</strong></span> <span class='ocrx_word' id='word_1_138' title='bbox 524 2993 607 3044; x_wconf 89' lang='lat' dir='ltr'><strong>oum</strong></span> <span class='ocrx_word' id='word_1_139' title='bbox 621 2969 861 3055; x_wconf 85' lang='lat' dir='ltr'><strong>aromatibus,</strong></span> <span class='ocrx_word' id='word_1_140' title='bbox 877 2970 972 3044; x_wconf 86' lang='grc'>31331</span> <span class='ocrx_word' id='word_1_141' title='bbox 985 2993 1066 3045; x_wconf 84' lang='lat' dir='ltr'><strong>mos</strong></span> <span class='ocrx_word' id='word_1_142' title='bbox 1081 2982 1137 3046; x_wconf 89' lang='lat' dir='ltr'><strong>est</strong></span> <span class='ocrx_word' id='word_1_143' title='bbox 1157 2969 1299 3045; x_wconf 84' lang='lat' dir='ltr'><strong>ludaeis</strong></span> <span class='ocrx_word' id='word_1_144' title='bbox 1314 2993 1423 3070; x_wconf 88' lang='lat' dir='ltr'><strong>sepe·</strong></span> 
     </span>
     <span class='ocr_line' id='line_1_23' title="bbox 284 3093 364 3169; baseline 0.038 -3"><span class='ocrx_word' id='word_1_145' title='bbox 284 3093 364 3169; x_wconf 88' lang='lat' dir='ltr'><strong>lire.</strong></span> 
     </span>
    </p>

    <p class='ocr_par' dir='ltr' id='par_1_10' title="bbox 284 3216 1425 3578">
     <span class='ocr_line' id='line_1_24' title="bbox 390 3216 1425 3312; baseline 0.002 -15"><span class='ocrx_word' id='word_1_146' title='bbox 390 3216 436 3297; x_wconf 78' lang='lat' dir='ltr'><strong>tt</strong></span> <span class='ocrx_word' id='word_1_147' title='bbox 468 3222 559 3298; x_wconf 84' lang='lat' dir='ltr'><strong>Erat</strong></span> <span class='ocrx_word' id='word_1_148' title='bbox 586 3236 709 3298; x_wconf 89' lang='lat' dir='ltr'><strong>autem</strong></span> <span class='ocrx_word' id='word_1_149' title='bbox 737 3223 773 3297; x_wconf 93' lang='lat' dir='ltr'><strong>io</strong></span> <span class='ocrx_word' id='word_1_150' title='bbox 801 3220 896 3312; x_wconf 90' lang='lat' dir='ltr'><strong>looo,</strong></span> <span class='ocrx_word' id='word_1_151' title='bbox 925 3223 987 3299; x_wconf 93' lang='lat' dir='ltr'><strong>ubi</strong></span> <span class='ocrx_word' id='word_1_152' title='bbox 1015 3224 1209 3300; x_wconf 80' lang='lat' dir='ltr'><strong>crucifixus</strong></span> <span class='ocrx_word' id='word_1_153' title='bbox 1238 3227 1425 3312; x_wconf 58' lang='grc' dir='ltr'><strong>3331133·Ι</strong></span> 
     </span>
     <span class='ocr_line' id='line_1_25' title="bbox 284 3353 1423 3454; baseline 0.006 -30"><span class='ocrx_word' id='word_1_154' title='bbox 284 3363 358 3425; x_wconf 75' lang='lat' dir='ltr'><strong>tuse</strong></span> <span class='ocrx_word' id='word_1_155' title='bbox 387 3366 425 3428; x_wconf 89' lang='lat' dir='ltr'><strong>et</strong></span> <span class='ocrx_word' id='word_1_156' title='bbox 451 3353 487 3428; x_wconf 93' lang='lat' dir='ltr'><strong>in</strong></span> <span class='ocrx_word' id='word_1_157' title='bbox 502 3355 609 3430; x_wconf 88' lang='lat' dir='ltr'><strong>horto</strong></span> <span class='ocrx_word' id='word_1_158' title='bbox 629 3366 906 3428; x_wconf 87' lang='lat' dir='ltr'><strong>monumentum</strong></span> <span class='ocrx_word' id='word_1_159' title='bbox 926 3377 1075 3442; x_wconf 87' lang='lat' dir='ltr'><strong>novum,</strong></span> <span class='ocrx_word' id='word_1_160' title='bbox 1104 3355 1235 3454; x_wconf 91' lang='lat' dir='ltr'><strong>inquo</strong></span> <span class='ocrx_word' id='word_1_161' title='bbox 1264 3356 1423 3431; x_wconf 90' lang='lat' dir='ltr'><strong>nondum</strong></span> 
     </span>
     <span class='ocr_line' id='line_1_26' title="bbox 284 3478 763 3578; baseline -0.004 -26"><span class='ocrx_word' id='word_1_162' title='bbox 284 3478 476 3577; x_wconf 89' lang='lat' dir='ltr'><strong>quisquam</strong></span> <span class='ocrx_word' id='word_1_163' title='bbox 504 3482 644 3578; x_wconf 87' lang='lat' dir='ltr'><strong>positus</strong></span> <span class='ocrx_word' id='word_1_164' title='bbox 671 3491 763 3554; x_wconf 88' lang='lat' dir='ltr'><strong>erat.</strong></span> 
     </span>
    </p>

    <p class='ocr_par' dir='ltr' id='par_1_11' title="bbox 275 3601 1426 3835">
     <span class='ocr_line' id='line_1_27' title="bbox 389 3601 1426 3707; baseline 0 -25"><span class='ocrx_word' id='word_1_165' title='bbox 389 3601 441 3682; x_wconf 75' lang='grc'>11).</span> <span class='ocrx_word' id='word_1_166' title='bbox 468 3607 521 3680; x_wconf 93' lang='lat' dir='ltr'><strong>lbi</strong></span> <span class='ocrx_word' id='word_1_167' title='bbox 549 3631 635 3704; x_wconf 83' lang='lat' dir='ltr'><strong>ergo</strong></span> <span class='ocrx_word' id='word_1_168' title='bbox 654 3621 803 3705; x_wconf 91' lang='lat' dir='ltr'><strong>propter</strong></span> <span class='ocrx_word' id='word_1_169' title='bbox 830 3606 1052 3684; x_wconf 85' lang='lat' dir='ltr'><strong>Parasoevon</strong></span> <span class='ocrx_word' id='word_1_170' title='bbox 1082 3608 1312 3697; x_wconf 84' lang='lat' dir='ltr'><strong>ludaeorum,</strong></span> <span class='ocrx_word' id='word_1_171' title='bbox 1341 3607 1426 3707; x_wconf 88' lang='lat' dir='ltr'><strong>quia</strong></span> 
     </span>
     <span class='ocr_line' id='line_1_28' title="bbox 275 3734 1192 3835; baseline 0.002 -28"><span class='ocrx_word' id='word_1_172' title='bbox 275 3734 385 3810; x_wconf 81' lang='lat' dir='ltr'><strong>iuxta</strong></span> <span class='ocrx_word' id='word_1_173' title='bbox 413 3749 493 3810; x_wconf 89' lang='lat' dir='ltr'><strong>erat</strong></span> <span class='ocrx_word' id='word_1_174' title='bbox 519 3745 808 3823; x_wconf 87' lang='lat' dir='ltr'><strong>monumentum,</strong></span> <span class='ocrx_word' id='word_1_175' title='bbox 832 3752 1032 3835; x_wconf 87' lang='lat' dir='ltr'><strong>posueruut</strong></span> <span class='ocrx_word' id='word_1_176' title='bbox 1060 3737 1192 3813; x_wconf 89' lang='lat' dir='ltr'><strong>lesum.</strong></span> 
     </span>
    </p>
   </div>
   <div class='ocr_carea' id='block_1_3' title="bbox 0 0 1500 4912">
    <p class='ocr_par' dir='ltr' id='par_1_12' title="bbox 0 0 1500 4912">
     <span class='ocr_line' id='line_1_29' title="bbox 0 0 1500 4912; baseline 0 0"><span class='ocrx_word' id='word_1_177' title='bbox 0 0 1500 4912; x_wconf 95' lang='lat' dir='ltr'><strong> </strong></span> 
     </span>
    </p>
   </div>
  </div>
 </body>
</html>
