2986 4912
540 373 543 380 ,
580 324 681 373 ctrvr
709 325 869 373 sarrrnvn
1271 305 1310 377 85

281 409 661 489 anaxanontem
689 415 733 488 ad
761 438 846 489 eum
877 414 1010 501 fratres
1050 415 1143 489 eius:
1174 413 1304 490 Transi

171 541 271 628 hinc,
299 556 337 616 et
362 543 454 618 vade
482 543 519 615 in
546 543 730 626 Iudaeam,
758 557 799 617 ut
827 556 865 616 et
891 542 1057 640 discipuli
1080 544 1133 617 tui
1157 543 1304 618 videant

172 683 387 768 operatua,
415 691 508 769 quae
536 670 637 745 facis.

284 792 448 872 lNemo
475 799 608 898 quippe
637 799 672 871 in
700 798 842 872 occulto
870 799 955 896 quid
982 798 1096 885 facit,
1125 813 1163 874 61
1194 824 1305 898 quae-

172 924 223 996 rit
250 923 326 1021 ipse
355 925 391 997 in
418 925 539 1022 palam
567 949 661 1000 esse:
692 927 721 999 si
749 927 840 1000 haec
867 925 971 1013 facis,
1000 925 1195 1000 manifesta
1236 928 1306 1001 tei-

172 1075 281 1148 psum
309 1054 456 1127 mundo.
1056 1132 1059 1138 ,

281 1173 306 1254 5
334 1177 456 1277 Neque
484 1182 581 1255 enim
608 1181 741 1255 fratros
770 1181 848 1254 eius
876 1180 1073 1255 credebant
1099 1182 1137 1255 in
1164 1206 1261 1257 eum.

280 1301 305 1382 6
331 1307 429 1382 Dicit
456 1332 542 1406 ergo
569 1311 622 1384 eis
651 1311 773 1384 lesus:
808 1308 968 1406 Tempus
993 1332 1116 1383 meum
1145 1312 1304 1385 nondum

171 1436 332 1510 advenit:
362 1448 507 1534 tempus
534 1450 657 1511 autem
687 1451 849 1512 vestrum
878 1461 1024 1535 semper
1042 1453 1099 1512 est
1118 1454 1301 1536 paratum.

281 1557 412 1638 'lNon
450 1579 572 1662 potest
614 1566 769 1639 mundus
810 1566 929 1640 odisse
963 1590 1049 1639 vos:
1094 1590 1152 1640 me
1182 1580 1304 1641 autem

172 1692 271 1767 odit:
301 1693 385 1791 quia
413 1716 479 1789 ego
508 1692 757 1766 testimonium
785 1693 959 1791 perhibeo
986 1694 1031 1768 de
1056 1694 1117 1768 illo
1141 1696 1244 1793 quod·
1265 1719 1306 1768 0-

172 1845 262 1918 pera
289 1821 368 1896 cius
396 1821 493 1894 mala
522 1835 619 1894 sunt.

281 1945 306 2024 8
334 1949 406 2024 Vos
434 1951 617 2037 ascendite
646 1950 691 2024 ad
718 1951 815 2024 diem
843 1951 978 2026 festum
1003 1952 1113 2039 hunc,
1141 1978 1208 2051 ego
1237 1977 1306 2028 au-

176 2093 255 2154 tem
282 2103 355 2153 uon
382 2080 538 2154 ascendo
566 2079 611 2152 ad
639 2079 735 2152 diem
755 2079 890 2154 festum
917 2081 1046 2154 istum:
1072 2080 1156 2179 quia
1185 2105 1307 2156 meum

172 2219 319 2305 tempus
347 2208 505 2281 nondum
533 2207 723 2304 impletum
752 2220 822 2282 est.

281 2328 306 2408 9
349 2334 447 2410 llaec
474 2358 556 2410 cum
585 2335 750 2422 dixisset,
778 2337 855 2433 ipse
885 2338 1020 2412 mansit
1047 2337 1085 2410 in
1104 2335 1277 2411 Galilaea.

284 2456 559 2538 latrantem
588 2464 828 2540 ascenderunt
855 2464 988 2540 fratres
1016 2465 1107 2552 eius,
1140 2478 1227 2540 tunc
1268 2479 1307 2539 et

173 2591 253 2688 ipse
282 2590 444 2665 ascendit
471 2590 516 2664 ad
539 2590 637 2664 diem
665 2591 799 2666 festum
828 2616 900 2667 non
919 2593 1126 2679 manifeste,
1147 2595 1209 2668 sed
1224 2618 1308 2692 qua·

174 2719 206 2792 si
232 2720 271 2793 in
298 2717 453 2793 occulto.

162 2900 168 2907 -
283 2841 328 2920 11
360 2847 484 2921 ludaei
511 2871 596 2944 ergo
624 2849 847 2947 quaerebant
874 2874 957 2925 eum
986 2852 1022 2924 in
1050 2851 1107 2925 die
1136 2850 1244 2937 festo,
1269 2865 1306 2925 et

175 2974 366 3049 dicebaut:
396 2975 465 3049 Vbi
492 2990 550 3050 est
577 2975 668 3051 ille?

283 3098 332 3179 12
358 3104 409 3180 Et
434 3080 600 3180 murmur
614 3106 771 3182 multum
794 3120 874 3181 erat
893 3109 930 3181 in
949 3108 1057 3184 turba
1077 3110 1121 3183 de
1141 3132 1197 3183 eo.
1218 3106 1305 3198 Qui-

173 3231 258 3305 dam
286 3233 383 3305 enim
410 3233 589 3308 dicebant:
619 3231 711 3323 Quia
739 3235 855 3308 bonus
883 3247 953 3310 est.
982 3233 1054 3309 Alii
1086 3250 1210 3311 autem
1252 3236 1306 3309 di-

172 3360 317 3436 cebant:
346 3358 437 3448 Non,
466 3362 529 3436 sed
557 3362 698 3436 seducit
725 3363 865 3438 turbas.

280 3481 330 3563 13
356 3487 469 3563 Nemo
507 3503 629 3563 tamen
667 3491 786 3589 palam
816 3493 1032 3591 loquebatur
1058 3494 1102 3567 de
1131 3490 1192 3565 illo
1221 3515 1305 3589 pro-

171 3627 255 3714 pter
281 3630 422 3692 metum
450 3618 680 3693 ludaeorum.

280 3738 330 3820 11
357 3746 433 3821 lam
461 3759 583 3820 autem
611 3748 668 3822 die
696 3748 791 3824 festo
819 3749 1023 3831 mediante,
1051 3748 1215 3821 ascendit
1243 3747 1304 3821 le-

172 3897 235 3948 sus
262 3876 299 3946 in
327 3874 518 3971 templum,
547 3888 585 3948 et
611 3876 779 3950 docebat.
825 3965 828 3970 ³

282 3996 330 4077 15
358 4001 407 4078 Et
433 4004 660 4078 mirabantur
679 4004 816 4090 ludaei,
836 4005 1018 4082 dieentes:
1039 4001 1229 4094 Quomodo
1243 4002 1303 4076 bic

172 4131 316 4208 litteras
343 4133 424 4222 scit,
452 4157 535 4211 cum
563 4157 635 4208 non
662 4131 857 4207 didicerit?
