2978 4920
528 285 629 337 errvr
657 285 798 335 rnnrrvu
1194 267 1234 335 33

215 374 240 456 3
267 375 468 478 Respondit
487 375 600 461 lesus,
622 392 660 452 et
684 377 776 451 dixit
794 377 840 451 ei:
872 373 1000 460 Amen,
1021 397 1127 452 omen
1155 375 1236 451 dieo

104 505 187 594 tibi,
214 507 284 584 nisi
310 508 391 606 quis
418 517 567 581 renatus
603 505 713 580 suerit
748 505 894 590 denuo,
926 527 998 577 uon
1031 518 1153 601 potest
1182 505 1236 580 vi-

103 635 194 709 dere
220 657 373 733 regnum
401 632 481 708 Dei.

212 755 239 836 lt
265 761 362 838 Dioit
388 762 433 838 ad
461 784 547 837 eum
565 759 797 837 Nicodemus:
814 757 1002 850 Quomodo
1019 773 1143 860 potest
1170 761 1236 837 ho·

103 912 165 965 mo
193 889 314 976 nasei,
342 913 427 965 eum
454 889 503 964 sit
544 885 688 963 senex?
720 888 895 986 numquid
932 899 1054 986 potest
1081 889 1119 962 in
1147 913 1236 965 veo-

104 1030 201 1091 trem
229 1016 357 1092 matris
386 1040 472 1092 suoe
501 1016 634 1091 iterato
661 1017 828 1101 introire,
855 1029 894 1090 et
920 1013 1092 1091 renosci?

212 1140 242 1220 5·
265 1145 469 1244 Respondit
496 1145 611 1219 lesus:
640 1141 776 1233 Amen,
804 1167 910 1219 omen
939 1124 1018 1219 dieo
1052 1145 1137 1231 tibi,
1164 1146 1234 1235 nisi

104 1274 187 1373 quis
213 1286 363 1349 renatus
389 1273 500 1350 fuerit
527 1296 574 1347 ex
601 1294 718 1370 aqna,
750 1284 788 1346 ot
815 1271 953 1371 Spiritu
979 1284 1129 1360 saneto,
1161 1297 1233 1349 non

103 1413 229 1500 potest
255 1399 405 1477 introire
434 1403 470 1474 in
497 1423 649 1498 regnum
676 1397 756 1474 Dei.

208 1522 234 1604 6
261 1526 365 1619 Quod
390 1540 518 1604 notum
546 1542 677 1603 estex
705 1538 828 1614 earne,
856 1551 941 1603 earo
969 1542 1039 1605 est:
1068 1543 1108 1605 et
1134 1530 1231 1630 quod

100 1669 230 1732 notum
256 1667 316 1731 est
341 1679 389 1730 ex
417 1656 560 1754 spiritu,
589 1655 739 1754 spiritus
767 1669 839 1732 est.

207 1778 232 1858 7
260 1783 339 1860 Non
356 1784 501 1860 mireris
528 1785 612 1884 quia
639 1784 714 1859 dixi
742 1783 830 1860 tibi:
858 1783 1014 1883 Oportet
1041 1809 1107 1862 vos
1129 1791 1231 1864 nasei

98 1913 233 1988 denuo.

205 2032 231 2115 8
258 2038 415 2140 Spiritus
442 2039 505 2115 nbi
532 2039 611 2116 vult
637 2042 764 2139 spirat:
793 2053 832 2116 et
860 2065 987 2117 vocem
1015 2045 1094 2121 eius
1113 2049 1230 2136 audis,

97 2172 164 2246 sed
190 2171 310 2247 nescis
336 2171 432 2248 unde
460 2170 597 2258 veniat,
629 2182 695 2246 aut
720 2195 793 2270 qno
829 2172 958 2248 vadat:
998 2176 1050 2250 sic
1095 2191 1153 2252 est
1197 2202 1232 2254 0-

97 2299 208 2388 mnis,
235 2299 298 2399 qui
325 2312 433 2375 notus
460 2312 518 2376 est
545 2322 593 2374 ex
621 2299 763 2398 spiritu.

204 2421 229 2501 9
258 2428 461 2526 Respondit
501 2426 733 2512 Nicodemns,
775 2441 814 2504 et
840 2428 934 2507 dixit
960 2432 1012 2506 ei:
1041 2429 1229 2522 Quomodo

96 2568 251 2656 possunt
278 2557 370 2632 haee
397 2553 509 2631 fiori?

203 2677 253 2758 10
280 2683 483 2782 Respondit
509 2685 624 2772 lesus,
644 2698 682 2760 et
696 2685 789 2760 dixit
820 2687 876 2761 ei:
897 2685 953 2764 Tu
981 2712 1022 2764 es
1050 2674 1225 2789 magister

96 2812 134 2885 in
161 2811 289 2899 lsrael,
317 2823 355 2886 et
382 2811 473 2886 haee
500 2809 673 2908 ignores?

98 3000 100 3005 .
203 2932 249 3012 11
281 2936 421 3026 Amen,
454 2962 560 3013 omen
588 2939 669 3014 dieo
698 2940 784 3026 tibi,
816 2942 901 3040 quia
946 2944 1044 3041 quod
1091 2945 1226 3021 seimus

93 3065 289 3165 loquimur,
319 3080 357 3141 et
380 3067 476 3165 quod
512 3067 669 3144 vidimus
703 3081 895 3155 testamur,
916 3082 954 3143 et
974 3071 1225 3149 testimouium

95 3207 263 3268 nostrum
290 3217 363 3268 uon
391 3195 571 3292 accipitis.

204 3313 255 3394 12
282 3318 320 3393 Si
349 3332 493 3396 terreno
520 3321 596 3396 dixi
624 3321 748 3408 vobis,
776 3335 814 3397 et
842 3347 913 3397 non
941 3325 1101 3401 creditis:
1129 3351 1224 3427 quo-

93 3448 226 3536 modo,
254 3448 286 3522 si
312 3448 438 3524 dixero
466 3449 569 3524 vobis
598 3450 783 3537 caelestia,
811 3451 999 3526 enodetis?

202 3571 251 3653 13
279 3577 328 3653 Et
346 3602 454 3654 uerno
482 3579 646 3654 aseendit
672 3581 708 3652 in
728 3579 883 3664 eoelum,
903 3580 971 3655 nisi
992 3583 1054 3680 qui
1072 3583 1225 3658 deseen-

93 3705 147 3779 dit
165 3704 209 3778 de
237 3704 352 3792 coelo,
380 3703 492 3779 Filius
520 3705 690 3792 hominis,
719 3706 781 3804 qui
809 3719 866 3779 est
893 3706 929 3780 iu
959 3707 1072 3782 eaelo.

201 3827 251 3908 tt
279 3831 328 3908 Et
355 3833 450 3908 siout
477 3831 620 3931 Moyses
648 3834 826 3909 exaltavit
860 3850 1069 3934 serpentem
1097 3839 1134 3913 in
1162 3841 1228 3918 do-

93 3976 211 4052 serto;
240 3963 293 4038 ita
320 3962 475 4038 exultari
502 3975 647 4063 oportet
675 3963 805 4039 Filium
833 3964 1008 4040 hominis:

991 4171 1011 4235 3
