2986 4912
607 337 708 386 rrrvr
733 336 915 386 vuercmvu
1247 319 1305 390 133

170 427 346 514 surrexit,
373 440 411 504 et
439 429 540 514 exiit,
571 429 685 503 secuti
716 443 801 503 sunt
829 452 909 502 eam
939 429 1112 503 dieentes:
1133 428 1224 518 Quia
1244 453 1302 505 va·

169 558 227 630 dit
255 558 300 632 ad
328 572 620 644 monumentum,
649 573 690 631 ut
717 557 835 654 ploret
863 558 924 630 ibi.

280 680 332 760 32
359 684 471 759 Maria
499 709 598 783 erge,
627 688 710 758 eum
740 685 899 759 venisset
928 685 988 758 ubi
1016 685 1227 772 erat'iesus
1248 688 1302 760 vi·

169 815 263 888 dens
290 815 545 901 eum,.eeeidit
570 815 615 887 ad
642 814 753 911 pedes
769 815 872 901 eius,
901 826 938 888 et
965 814 1052 886 dicit
1088 815 1144 886 ei:
1174 813 1301 888 Domi·

172 966 235 1030 ue,
263 945 294 1015 si
320 942 452 1015 fuisses
480 943 551 1028 hie,
580 965 650 1015 uon
679 956 777 1017 esset
804 956 970 1016 mortuus
998 940 1112 1015 freter
1138 965 1254 1016 meus.

281 1064 333 1144 33
360 1071 462 1144 Iesus
489 1094 588 1168 erge,
618 1085 658 1145 ut
684 1071 774 1144 vidit
793 1070 1108 1167 murmurantem,
1124 1083 1161 1144 et
1181 1070 1302 1144 Iudae

169 1223 230 1282 oe,
258 1200 320 1296 qui
349 1211 521 1273 venerant
541 1222 623 1272 cum
652 1209 709 1285 ea,
737 1198 1142 1296 plorantes‚iufremuit
1160 1200 1301 1296 spiritu,

168 1339 213 1399 et
242 1327 401 1400 turbavit
429 1329 602 1425 seipsum,

282 1449 333 1530 dd
360 1471 398 1531 et
424 1458 528 1530 dixit:
558 1455 625 1530 Vbi
652 1458 825 1554 posuistis
854 1454 969 1532 eum?
998 1456 1130 1532 Dicunt
1157 1458 1203 1531 ei:
1225 1456 1300 1530 De·

171 1584 287 1668 mim,
316 1586 411 1666 veui,
428 1598 465 1658 et
486 1586 579 1658 vide.

284 1706 333 1785 35
363 1711 411 1786 Et
438 1712 660 1808 lacrymatus
687 1723 745 1784 est
772 1712 886 1785 lesus.

283 1832 334 1912 36
363 1839 540 1913 Dixeruut
568 1863 653 1935 ergo
682 1839 817 1912 ludaei:
860 1837 954 1913 Eece
995 1840 1176 1936 quomedo
1209 1861 1305 1912 ama·

174 1967 241 2042 bat
266 1990 366 2040 eum.

190 2128 193 2133 ·
268 2087 332 2168 ⁴37
360 2093 513 2185 Quidam
540 2107 663 2169 autem
692 2119 738 2169 ex
766 2094 854 2192 ipsis
882 2094 1062 2167 dixerunt:
1092 2088 1168 2166 Non
1198 2105 1301 2190 pute·

173 2235 233 2296 rat
259 2221 331 2309 hie,
360 2208 421 2321 qui
449 2225 592 2322 aperuit
620 2224 744 2298 deuios
772 2224 869 2298 caeti
897 2223 987 2310 nati,
1016 2222 1135 2297 facere
1172 2234 1214 2297 ut
1241 2220 1300 2295 hie

172 2373 248 2457 uon
275 2349 513 2425 mereretur?
968 2347 970 2352 ’

283 2473 335 2554 38
362 2481 463 2554 lesus
492 2504 577 2578 erge
604 2476 749 2556 rursum
778 2480 936 2555 fremens
957 2481 993 2552 in
1012 2479 1304 2577 semetipso‚ve·

173 2610 231 2683 nit
258 2610 303 2683 ad
330 2623 619 2683 mouumentum.
647 2623 727 2684 erat
750 2624 878 2683 autem
907 2607 1104 2707 spelunea:
1131 2620 1172 2681 et
1211 2607 1304 2705 iapis

172 2740 427 2834 superpositus
455 2749 535 2809 erat
558 2736 609 2808 ei
909 2741 913 2749 '

284 2858 335 2939 39
365 2864 427 2938 Ait
454 2864 566 2938 lesus:
597 2861 730 2936 Tollite
758 2861 942 2960 lapidem·
972 2861 1067 2935 Dicit
1094 2863 1131 2935 ei
1161 2858 1302 2936 Martha

172 3016 281 3069 soror
295 2994 387 3080 eius,
399 2994 460 3090 qui
479 3008 646 3067 mortuus
659 2992 790 3065 suerat:
808 2990 975 3076 Domine,
990 2989 1063 3064 iam
1077 2989 1306 3088 foetetqua-

177 3122 368 3195 triduanus
392 3135 454 3194 est
467 3122 581 3194 euim.

282 3243 334 3322 dd
362 3247 457 3324 Dicit
483 3250 517 3323 ei
544 3249 665 3330 lesus:
704 3243 828 3322 Nonne
864 3247 939 3323 dixi
968 3245 1034 3321 tibi
1069 3246 1240 3344 quoniam
1273 3246 1304 3320 si

129 3470 140 3491 .
171 3376 384 3459 credideris,
412 3377 551 3450 videbis
579 3377 730 3472 gloriam
759 3372 861 3450 Dei?

284 3499 329 3579 di
363 3504 639 3600 Tuleruutergu
668 3504 837 3603 lapidem:
864 3505 965 3578 lesus
993 3513 1118 3578 autem
1152 3499 1305 3576 elevatis

170 3657 319 3707 sursum
344 3632 475 3722 eculiS,
503 3635 607 3709 dixit:
637 3633 746 3708 Pater
773 3634 910 3731 gratias
937 3657 1005 3730 age
1033 3630 1100 3705 tibi
1132 3629 1304 3729 queniam

171 3763 307 3837 audisti
325 3773 408 3838 me.

279 3881 330 3964 tu
358 3914 425 3988 ego
453 3904 576 3965 autem
605 3888 763 3964 sciebam
792 3889 876 3988 quia
904 3907 1048 3985 semper
1086 3906 1145 3958 me
1188 3883 1307 3966 audis,

169 4017 238 4091 sed
265 4033 414 4117 propter
442 4017 629 4117 populum,
658 4018 719 4116 qui
748 4018 977 4104 circumstat,
993 4013 1080 4090 dixi:
1098 4024 1140 4088 ut
1158 4011 1308 4088 credaut

168 4146 256 4245 quia
285 4159 324 4220 tu
350 4163 410 4222 ¹me
440 4148 585 4222 misisti.
807 4156 811 4163 ’
1093 4149 1123 4175 ’·
