2986 4912
172 282 212 349 58
518 298 547 344 m
571 297 706 344 reusneri
728 295 976 342 connrnrnmvn

261 403 291 447 v.
307 382 358 447 22.
376 383 528 445 Alterum
541 382 685 444 eiusdem
701 381 798 441 huius
813 381 861 441 rei
875 382 1047 460 specimen,
1063 397 1081 441 a
1096 398 1161 460 quo
1175 379 1324 460 primum

179 484 350 569 dependet,
372 484 457 545 sieut
476 489 611 564 apparet
632 501 671 543 ex
695 482 922 544 coniunctione
936 480 1039 553 enim;
1055 482 1205 544 videlieet
1227 479 1326 561 Chri·

178 590 267 660 stus,
290 579 366 663 q'ues
387 583 474 655 vnit,
503 579 645 660 vivificet
666 579 701 641 in
722 579 978 642 resurrectionem
999 579 1106 653 uitae,
1135 582 1212 660 quia
1229 588 1327 660 puter

181 703 270 746 omne
291 681 446 744 indicium
466 683 506 744 de
528 682 710 743 hominibus
732 683 918 760 horumque
939 683 1019 744 bene
1047 683 1099 743 vel
1121 682 1205 743 male
1229 680 1325 742 iactis

181 782 266 846 dedit
284 782 362 864 filie.
387 781 533 859 Quaeres
555 801 621 860 quo
643 789 738 861 paeto
765 784 827 844 hee
852 783 1008 845 iudicium
1029 784 1130 862 possit
1155 787 1192 844 ut
1220 781 1327 862 speei-

180 904 253 947 men
274 884 420 947 exhiberi
441 884 538 945 unius
560 890 658 962 atque
680 883 866 945 individuae
889 884 1085 963 operationis
1111 883 1213 964 patris
1235 888 1268 945 et
1290 882 1328 943 ti-

180 985 234 1062 lii,
258 1002 360 1065 quum
382 990 475 1064 pater
495 983 623 1046 dicatur
644 984 804 1045 neminem
831 984 987 1045 iudicare.
1018 982 1080 1045 Sed
1108 983 1214 1062 primo
1242 983 1326 1044 haec

183 1103 316 1163 quoque
338 1083 580 1163 interpretanda
601 1089 676 1144 sunt
697 1083 875 1145 seeundum
897 1084 972 1144 illa:
997 1101 1061 1143 non
1078 1089 1180 1161 potest
1197 1078 1286 1160 filins
1307 1101 1329 1142 a

182 1202 213 1245 se
232 1185 335 1264 faeere
356 1181 529 1262 quidquam
550 1200 581 1244 v.
604 1179 654 1245 ie.
678 1180 800 1244 Deinde
821 1189 915 1262 pater
935 1182 1055 1244 dieitur
1081 1200 1213 1260 quoque
1239 1197 1325 1245 enne

183 1280 339 1344 indicium
353 1281 477 1344 dedisse
492 1279 579 1361 dti05
595 1300 659 1342 uua
674 1282 775 1360 igitur
788 1289 887 1361 atque
903 1283 1014 1345 eadem
1030 1301 1133 1361 quum
1147 1282 1189 1344 sit
1203 1283 1330 1344 utrius-

186 1401 251 1461 que
271 1387 413 1463 potestas
434 1381 616 1456 iudiciaria,
640 1399 728 1441 omne
743 1381 898 1442 iudiciuin
919 1401 1023 1461 aeque
1044 1383 1129 1462 patri
1150 1381 1331 1444 attribuen-

187 1483 266 1544 dum
287 1487 336 1543 est
356 1499 393 1543 ac
415 1480 494 1556 tilio,
517 1486 555 1542 ut
574 1501 686 1543 sensus
707 1482 759 1543 sit:
777 1500 872 1562 neque
887 1481 968 1543 enim
979 1492 1072 1561 peter
1084 1481 1207 1543 indicet
1223 1500 1331 1562 quem-

189 1600 283 1662 qnam
304 1600 362 1662 per
383 1601 416 1644 se
438 1582 555 1662 ipsum,
579 1580 635 1644 sed
656 1600 721 1644 una
744 1601 818 1644 eum
841 1584 907 1644 tilio
929 1590 961 1645 et
979 1603 1038 1664 per
1052 1583 1166 1645 tilium.
1183 1580 1283 1646 Certe
1297 1583 1330 1645 id

190 1682 330 1746 efficitur
351 1703 393 1744 ex
407 1683 505 1745 huius
520 1691 552 1745 et
571 1683 750 1762 superioris
765 1703 880 1746 versus
896 1686 1082 1762 collatinum
1097 1703 1183 1758 nam,
1199 1683 1225 1746 si
1241 1683 1330 1746 tilius

191 1782 334 1846 viviticat
355 1782 431 1860 quia
445 1782 546 1862 ipsius
561 1788 609 1844 est
623 1783 778 1844 iudicium
795 1783 918 1859 iacere,
935 1785 998 1846 hoc
1012 1785 1118 1865 ipsum
1131 1784 1233 1865 patris
1248 1803 1332 1863 quo-

193 1902 257 1963 que
271 1884 312 1945 sit
325 1888 466 1962 oportet,
483 1902 586 1962 quum
601 1889 633 1945 et
654 1884 720 1964 ipse
735 1902 799 1945 una
815 1904 890 1947 eum
905 1885 972 1947 tilio
988 1885 1141 1948 vivificet.
1159 1883 1242 1948 Tum
1259 1903 1333 1948 ver-

191 2002 247 2046 sus
266 1980 307 2048 30
327 1983 358 2044 id
380 1984 467 2045 omni
487 2002 529 2044 ex
550 1989 642 2062 parte
664 1984 844 2046 confirmat.
863 1981 1029 2061 Ceterum,
1046 2004 1107 2048 eur
1121 1987 1166 2047 ita
1181 1983 1333 2071 Christus

191 2085 350 2162 loquutus
371 2084 422 2157 sit,
445 2089 483 2144 ut
503 2084 609 2144 obiter
631 2085 710 2145 haee
730 2084 911 2163 legentibus
929 2086 1033 2166 prima
1055 2088 1160 2166 speeie
1181 2087 1336 2148 videatur

195 2182 254 2244 sibi
275 2184 332 2243 uni
352 2182 510 2244 iudicium
531 2183 723 2258 attribuere,
747 2186 904 2247 rationem
925 2193 1078 2264 suggeret
1098 2205 1213 2247 versus
1232 2183 1287 2248 27.

274 2298 306 2341 v.
328 2278 379 2344 23.
404 2280 489 2343 Nota
511 2281 593 2342 illud
614 2280 696 2343 sient
706 2301 722 2353 ;
752 2284 875 2347 scilieet
902 2286 1052 2346 eumdem
1081 2287 1238 2347 honorem
1267 2285 1336 2349 filiu

196 2380 307 2441 deberi
329 2378 385 2458 qui
406 2381 491 2460 patri
513 2381 661 2443 debetur.
686 2380 773 2444 Illud
795 2403 926 2463 quoque
951 2386 1190 2462 animadverte,
1212 2392 1248 2448 ut
1272 2405 1337 2449 non

198 2483 327 2543 dicatur
348 2479 403 2560 qni
422 2479 613 2555 inhonorat,
635 2483 690 2544 sed
711 2482 851 2562 quinon
876 2485 1079 2566 honorificet,
1102 2488 1189 2565 quod
1211 2506 1338 2550 meram

197 2580 346 2660 obsequii
366 2581 569 2643 emissionem
590 2590 694 2658 sonat,
715 2592 753 2645 ut
773 2603 863 2646 mera
884 2587 1055 2648 omissione
1075 2587 1222 2666 obsequii
1244 2585 1341 2650 Chri·

197 2688 247 2744 sto
269 2681 368 2743 debiti
389 2681 530 2743 desimus
552 2684 708 2761 obsequio
729 2687 816 2763 quod
837 2683 906 2748 Deo
928 2687 1076 2748 debetur.
1093 2679 1215 2749 Eadem
1235 2687 1340 2767 igitur

198 2783 231 2842 in
252 2788 394 2861 utreque
416 2800 530 2844 caussa
553 2801 614 2844 eur
634 2785 768 2863 utrique
789 2787 946 2848 honorem
967 2787 1154 2848 habeamus.

280 2900 312 2944 v.
335 2876 385 2945 2lt.
403 2878 468 2955 Qui
489 2881 592 2943 eredit
611 2883 644 2943 in
665 2880 843 2959 Christum,
860 2886 974 2964 utique
989 2886 1051 2947 side
1066 2886 1193 2948 caritati
1207 2888 1343 2950 coniun-

202 2986 254 3044 cta
265 2978 327 3060 (i),
341 3000 399 3061 per
413 2999 512 3059 quam
526 3001 623 3043 unam
638 2984 853 3046 iustificamur
865 2983 906 3064 (2)
917 3029 926 3058 ,
939 2986 1002 3047 iam
1017 2986 1105 3047 dubet
1122 2985 1221 3047 vitam
1241 2997 1343 3050 eeter-

201 3100 290 3153 nurn,
312 3100 414 3159 quare
436 3080 472 3142 in
494 3080 649 3144 indicium
671 3080 727 3151 οὐκ
743 3082 871 3184 ἔρχεται
893 3106 957 3147 nen
975 3086 1071 3147 uenit.
1089 3085 1185 3161 Quou
1199 3089 1225 3149 si
1240 3089 1342 3151 vitam

204 3196 368 3252 aeternam
391 3191 455 3251 iam
475 3191 589 3265 habet,
614 3197 702 3253 reete
722 3192 843 3253 dicitur
857 3191 1006 3254 transisse
1026 3212 1090 3255 non
1110 3198 1220 3254 autem
1238 3186 1344 3254 truns-

203 3289 249 3352 ire
270 3310 290 3351 a
312 3299 408 3351 rnerte
429 3290 465 3350 in
487 3289 599 3362 ritem,
622 3291 693 3352 iure
713 3292 879 3368 nimirum,
902 3295 1091 3355 sinendum
1113 3312 1149 3355 re
1169 3294 1249 3375 ipsa.

284 3407 315 3450 v.
337 3385 388 3450 25.
418 3387 505 3449 Venit
526 3384 658 3488 ἔρχεται
681 3398 826 3469 tempore
847 3393 1021 3470 praesenti;
1036 3392 1179 3453 noudum
1194 3374 1274 3471 erge
1288 3411 1345 3455 ve-

204 3492 287 3553 nisse
309 3491 438 3552 dieitur.
464 3491 506 3552 Et
527 3511 612 3552 nune
634 3501 694 3566 est,
719 3509 782 3554 nou
807 3492 938 3570 quidem
967 3494 1046 3553 haee
1067 3492 1163 3566 dere,
1187 3491 1240 3553 sed
1265 3497 1346 3552 tem·

206 3611 267 3672 pus
289 3610 355 3671 quo
377 3592 440 3652 iam
462 3593 570 3654 dicere
591 3611 773 3672 possumus:
797 3590 884 3652 Venit
898 3589 1026 3683 ἔρχεται
1042 3592 1129 3652 dere.
1146 3590 1346 3671 Simplicium

205 3698 285 3759 hura
308 3703 472 3776 postrema
493 3698 649 3773 imminet,
674 3706 800 3778 tempus
821 3667 952 3776 inquim
967 3715 1070 3759 novae
1089 3696 1345 3781 dispensationis,

206 3803 279 3878 post
300 3816 399 3875 quam
421 3798 485 3859 alia
506 3798 587 3860 hera
609 3817 672 3859 nun
693 3799 774 3889 erit,
803 3806 835 3861 et
856 3800 887 3858 in
909 3798 1003 3859 euius
1025 3797 1086 3858 fine
1113 3801 1217 3858 tetum
1247 3815 1348 3879 genus

278 3999 317 4068 (1)
337 4002 405 4065 Lege
423 4016 507 4067 super.
527 4003 773 4054 Communium.
795 4005 825 4072 i,
845 4003 870 4055 t.
891 3982 916 4053 5.

283 4089 318 4158 (2·
338 4092 413 4144 Rem.
433 4093 493 4159 nr,
512 4092 546 4143 22
577 4091 621 4144 24.
641 4092 686 4160 285
705 4095 751 4162 iv,
765 4093 790 4144 d.
812 4093 838 4144 5.
857 4093 882 4141 9.
903 4096 946 4160 1¹3
967 4095 999 4162 V,
1019 4094 1031 4144 1
1052 4099 1102 4146 ete.
