2986 4912
594 308 698 356 csrvr
721 309 864 366 ovrnrvu
1273 294 1313 361 61

169 392 202 454 ei
231 394 360 457 minime
390 396 579 475 crederent,
611 399 749 477 denique
778 399 879 461 minas
910 397 1029 461 addens
1056 415 1187 477 unaque
1213 399 1312 462 simul

174 496 298 581 Moysis
320 499 541 562 testimonium
562 516 682 578 urgens
703 497 798 558 finem
813 497 938 560 dicendi
960 499 1046 560 iacit.
1060 497 1236 562 —Ductus
1256 516 1315 561 au-

171 605 238 659 tem
267 599 365 661 huius
393 599 553 661 secundae
583 599 687 678 partis
716 599 762 659 sic
790 605 942 661 est—v.
972 595 1011 660 31
1040 597 1114 662 Non
1140 600 1246 678 ipsum
1273 598 1312 662 de

171 716 315 773 se,-v.
340 694 381 760 32
401 697 457 758 sed
478 698 580 759 alium
601 697 672 777 ipsi,
696 716 836 776 eumque
858 716 1021 774 veracem,
1036 698 1207 778 perhibere
1225 699 1313 761 testi-

173 798 330 860 monium.
343 831 384 843 -
395 818 427 863 v.
442 797 483 863 33
503 796 656 860 loannem
671 798 803 876 quidem
824 798 1037 877 perhibuisse,
1049 831 1090 842 -
1100 816 1131 860 r.
1147 798 1188 864 34
1213 806 1313 879 seque

174 901 208 961 id
230 919 507 976 commemorare,
529 919 593 963 non
615 902 702 979 quod
724 901 793 963 eius
821 901 980 980 indigeat,
1003 901 1057 963 sed
1086 902 1170 964 bono
1198 899 1314 965 Iudae-

174 1020 293 1078 orum,
309 1033 350 1046 -
363 1021 394 1066 v.
418 998 458 1066 35
479 1002 537 1079 qui
558 999 710 1064 Ioannem
731 1001 837 1080 magni
859 1001 1002 1063 fecerant
1008 1020 1112 1081 3-v.
1135 999 1176 1065 36
1196 1020 1313 1064 verum

174 1103 320 1182 potiores
342 1107 438 1165 testes
459 1103 519 1164 sihi
539 1120 608 1164 esse
636 1119 734 1180 quam
762 1099 926 1178 ioannem,
942 1107 1069 1163 suamet
1096 1120 1195 1181 opera
1222 1103 1314 1163 nimi-

176 1221 388 1280 rum,—vr.
411 1200 462 1265 37.
484 1200 524 1266 38
544 1210 749 1283 patremque,
772 1204 825 1263 cni
846 1208 952 1263 tamon
974 1201 1108 1264 eredere
1141 1202 1190 1262 illi
1209 1202 1317 1265 detre-

176 1307 316 1378 ctarent,
328 1319 411 1365 -v.
433 1298 474 1365 39
494 1308 527 1364 et
546 1302 735 1381 scripturas.
747 1320 829 1363 -v.
844 1296 886 1365 40
905 1299 1121 1363 Nihilominus
1143 1319 1198 1363 eos
1219 1301 1314 1363 fidem

177 1403 240 1483 ipsi
261 1403 383 1465 habere
404 1402 502 1463 nolle.
516 1420 598 1463 -v.
621 1397 659 1465 41
683 1401 772 1463 Haec
785 1421 819 1463 se
840 1404 885 1463 eis
900 1401 1134 1481 improperare,
1150 1421 1215 1464 non
1229 1404 1316 1482 quod

180 1520 264 1582 opus
286 1501 345 1563 sibi
367 1506 451 1563 esset
472 1501 511 1562 ab
533 1500 608 1581 ipsis
629 1502 787 1562 honorem
808 1501 967 1579 accipere,
986 1534 1026 1559 .-
1039 1520 1071 1563 v.
1093 1498 1134 1566 42
1153 1502 1209 1564 sed
1229 1504 1317 1581 quod

179 1601 317 1662 caritate
338 1600 434 1663 vacui
456 1605 570 1661 essent.
581 1618 659 1659 -v.
675 1595 715 1662 43
730 1596 813 1660 Hinc
827 1605 1036 1677 praepostera
1051 1606 1148 1679 atque
1162 1621 1318 1682 perversa

180 1701 329 1781 ipsorum
350 1699 464 1780 agendi
486 1700 571 1761 ratio
592 1700 624 1759 in
640 1699 834 1779 excipiendis
849 1700 906 1777 qui
919 1718 974 1762 eos
988 1707 1139 1780 regerent
1153 1702 1321 1766 docerent-

182 1821 259 1880 que.
278 1835 320 1847 -
336 1819 369 1864 v.
392 1796 432 1866 44
453 1798 535 1861 Tum
564 1820 711 1864 caussam
738 1803 843 1882 aperit
870 1821 931 1864 cur
958 1804 1087 1866 minime
1115 1807 1265 1882 credant,
1280 1837 1320 1850 -

184 1921 217 1965 v.
233 1899 274 1967 45
288 1903 496 1981 minaturque
510 1900 647 1985 Moysen
661 1920 716 1963 eos
730 1907 979 1978 accusaturum,
988 1935 1029 1948 —
1039 1923 1093 1967 vv.
1108 1902 1159 1969 46.
1175 1903 1214 1970 47
1229 1907 1323 1986 quip-

183 2019 226 2081 pe
248 2001 315 2081 qui,
340 2019 443 2081 quum
463 2001 524 2081 ipsi
545 1998 673 2063 Christo
695 2001 791 2062 fidem
810 2019 876 2064 non
894 2003 1045 2079 habeant,
1061 2022 1120 2066 nee
1138 2002 1245 2088 Mopsi
1265 2007 1322 2069 ha-

184 2103 264 2164 bere
284 2101 511 2183 profiteantur.

268 2221 300 2267 r.
322 2197 373 2264 31.
395 2199 519 2280 Figura
540 2201 762 2264 concessionis.

267 2324 299 2369 v.
321 2302 372 2369 32.
395 2304 491 2369 Hunc
511 2306 613 2368 alium
635 2310 760 2381 testem,
776 2322 840 2367 non
855 2303 1007 2368 ioannem
1028 2324 1108 2380 esse,
1124 2304 1180 2367 sed
1197 2311 1324 2386 patrem

187 2413 324 2487 apparet
337 2412 407 2470 tum
422 2426 464 2469 ex
477 2407 579 2471 verbo
593 2406 754 2486 praesenti
775 2427 929 2508 perpauper
951 2405 1160 2469 testimouium
1170 2405 1322 2485 perhibet,

190 2525 325 2589 loannes
341 2524 426 2587 enim
440 2523 504 2586 iam
518 2523 731 2603 interemptus
745 2523 855 2586 fuerat
869 2521 924 2602 (i),
941 2530 1011 2587 tum
1026 2544 1068 2587 ex
1083 2545 1136 2588 vv.
1158 2523 1209 2590 34.
1230 2523 1281 2589 36.

268 2648 300 2693 v.
323 2625 374 2693 35.
398 2626 499 2700 Eram
521 2627 585 2688 iam
606 2645 696 2705 ergo,
712 2633 751 2688 ut
766 2626 862 2688 modo
877 2626 1030 2702 diximnS,
1047 2628 1157 2690 virere
1172 2628 1322 2689 desierat.

269 2747 301 2792 v.
323 2727 374 2793 37.
401 2727 623 2790 Testimonium
638 2726 800 2807 perhibuit
812 2730 848 2789 de
861 2748 920 2802 me,
935 2729 1093 2808 baptismo
1108 2728 1257 2791 absoluto
1270 2725 1323 2807 (2).

189 2829 306 2907 -Qni
327 2848 405 2910 ergo
426 2827 574 2892 Christus
596 2830 749 2892 continuo
769 2830 851 2891 haee
870 2830 978 2891 dicere
999 2829 1123 2908 potuit:
1149 2827 1252 2909 Neque
1272 2847 1327 2888 oo-

191 2951 256 2994 eem
276 2929 343 2992 eius
362 2948 510 3011 umquam
531 2925 696 2992 audistis?
710 2928 743 2994 Si
764 2931 969 3010 respondeas,
992 2931 1069 3008 qnia
1089 2928 1123 3006 ii,
1144 2949 1226 3009 qnos
1246 2928 1328 2991 allo-

192 3034 366 3112 quebatur,
389 3030 510 3096 Christi
530 3033 688 3113 baptismo
707 3051 772 3094 non
792 3031 955 3108 affuerint,
972 3031 1054 3094 ratio
1075 3050 1151 3093 sane
1178 3031 1323 3111 frigeret.

191 3133 310 3198 Sensus
325 3153 403 3215 ergo
418 3140 544 3196 estnon
558 3131 773 3206 auscultastis,
789 3132 899 3194 audire
913 3131 1073 3206 noluistis,
1089 3152 1186 3211 quern
1200 3151 1329 3195 sensum

195 3253 309 3297 versus
328 3231 370 3298 38
390 3233 569 3298 confirmat.
583 3231 695 3294 -nra
722 3252 814 3297 vero:
829 3255 925 3317 neque
946 3231 1030 3313 εἶδος
1052 3229 1150 3302 αὐτου
1173 3228 1331 3330 {operuere

195 3337 324 3418 speeiem
338 3343 404 3402 eius
423 3338 562 3412 vidistis,
590 3341 790 3403 tantumdem
814 3341 924 3404 valent
938 3360 975 3402 ac
986 3336 1113 3399 minime
1138 3335 1337 3416 coquoseitie,

197 3459 294 3521 neque
315 3442 351 3501 de
370 3440 465 3521 socie,
487 3461 526 3504 ae
547 3441 684 3521 figurate
706 3442 906 3505 dictumest.

278 3559 310 3603 r.
333 3538 383 3606 40.
406 3541 462 3604 Vis
485 3543 718 3604 coniunctionis
740 3550 768 3602 et
789 3561 826 3604 ea
847 3541 915 3622 ipsa
937 3546 986 3602 est
1009 3558 1094 3618 quae
1116 3540 1201 3600 foret
1221 3539 1253 3599 in
1273 3538 1333 3599 hac

199 3642 329 3720 vulgari
348 3643 516 3704 sententia:
548 3640 600 3703 Ho
616 3662 675 3721 per
694 3661 740 3703 ene
761 3640 1045 3712 testimonianze,n
1076 3659 1140 3700 non
1166 3637 1211 3699 mi
1235 3638 1337 3699 erede-

201 3748 229 3800 te
241 3759 256 3811 ,·
278 3741 406 3814 eadem,
429 3742 578 3821 inquam,
596 3747 645 3805 est
664 3760 702 3803 ae
723 3743 749 3803 si
770 3743 892 3804 dictum
913 3746 1014 3803 esset:
1037 3737 1245 3801 nihilominus
1272 3755 1337 3797 non

201 3839 299 3902 uultis
320 3841 425 3902 uenire
447 3843 489 3902 od
508 3861 564 3903 me.

273 4043 309 4125 tii
331 4046 366 4092 De
385 4046 507 4106 Evangel.
526 4046 553 4094 L.
575 4047 609 4094 11.
630 4045 728 4095 danot.
744 4046 773 4094 L.
896 4118 899 4125 1

276 4135 310 4200 [2]
329 4134 424 4187 111111.
443 4136 492 4202 111,
512 4135 554 4201 {73
574 4136 656 4187 Marc.
679 4137 700 4202 t,
720 4136 762 4200 113
782 4137 845 4186 Luc.
864 4136 914 4201 111,
932 4135 976 4183 22.
