<?xml version="1.0" encoding="UTF-8"?>
<!DOCTYPE html PUBLIC "-//W3C//DTD XHTML 1.0 Transitional//EN"
    "http://www.w3.org/TR/xhtml1/DTD/xhtml1-transitional.dtd">
<html xmlns="http://www.w3.org/1999/xhtml" xml:lang="en" lang="en">
 <head>
  <title>
</title>
<meta http-equiv="Content-Type" content="text/html;charset=utf-8" />
  <meta name='ocr-system' content='tesseract 3.04.00' />
  <meta name='ocr-capabilities' content='ocr_page ocr_carea ocr_par ocr_line ocrx_word'/>
</head>
<body>
  <div class='ocr_page' id='page_1' title='image "./franciscixaveri00patrgoog_0079.png"; bbox 0 0 2986 4912; ppageno 0'>
   <div class='ocr_carea' id='block_1_1' title="bbox 288 310 1420 516">
    <p class='ocr_par' dir='ltr' id='par_1_1' title="bbox 288 310 1420 516">
     <span class='ocr_line' id='line_1_1' title="bbox 288 310 1089 378; baseline -0.005 0"><span class='ocrx_word' id='word_1_1' title='bbox 288 310 330 378; x_wconf 83' lang='lat' dir='ltr'><strong>tt</strong></span> <span class='ocrx_word' id='word_1_2' title='bbox 626 330 658 376; x_wconf 69' lang='lat' dir='ltr'><strong>rs</strong></span> <span class='ocrx_word' id='word_1_3' title='bbox 680 329 818 376; x_wconf 73' lang='lat' dir='ltr'><strong>tonsu</strong></span> <span class='ocrx_word' id='word_1_4' title='bbox 838 327 1089 376; x_wconf 71' lang='lat' dir='ltr'><strong>comarum</strong></span> 
     </span>
     <span class='ocr_line' id='line_1_2' title="bbox 394 414 1420 516; baseline -0.005 -20"><span class='ocrx_word' id='word_1_5' title='bbox 394 418 448 496; x_wconf 71' lang='lat'><strong>22</strong></span> <span class='ocrx_word' id='word_1_6' title='bbox 475 421 602 495; x_wconf 82' lang='lat' dir='ltr'><strong>Altera</strong></span> <span class='ocrx_word' id='word_1_7' title='bbox 619 422 691 506; x_wconf 90' lang='lat' dir='ltr'><strong>die,</strong></span> <span class='ocrx_word' id='word_1_8' title='bbox 710 414 835 504; x_wconf 88' lang='lat' dir='ltr'><strong>turba,¹</strong></span> <span class='ocrx_word' id='word_1_9' title='bbox 849 442 943 516; x_wconf 89' lang='lat' dir='ltr'><strong>quae</strong></span> <span class='ocrx_word' id='word_1_10' title='bbox 961 419 1083 492; x_wconf 85' lang='lat' dir='ltr'><strong>stabat</strong></span> <span class='ocrx_word' id='word_1_11' title='bbox 1102 431 1338 504; x_wconf 79' lang='lat' dir='ltr'><strong>transmare,</strong></span> <span class='ocrx_word' id='word_1_12' title='bbox 1357 419 1420 492; x_wconf 83' lang='lat' dir='ltr'><strong>vi-</strong></span> 
     </span>
    </p>
   </div>
   <div class='ocr_carea' id='block_1_2' title="bbox 288 546 1429 4194">
    <p class='ocr_par' dir='ltr' id='par_1_2' title="bbox 288 546 1422 902">
     <span class='ocr_line' id='line_1_3' title="bbox 288 546 1418 648; baseline -0.005 -24"><span class='ocrx_word' id='word_1_13' title='bbox 288 552 343 624; x_wconf 88' lang='lat' dir='ltr'><strong>dit</strong></span> <span class='ocrx_word' id='word_1_14' title='bbox 369 550 454 648; x_wconf 88' lang='lat' dir='ltr'><strong>quia</strong></span> <span class='ocrx_word' id='word_1_15' title='bbox 480 548 644 623; x_wconf 83' lang='lat' dir='ltr'><strong>navicula</strong></span> <span class='ocrx_word' id='word_1_16' title='bbox 669 546 738 620; x_wconf 86' lang='lat' dir='ltr'><strong>alia</strong></span> <span class='ocrx_word' id='word_1_17' title='bbox 766 569 838 618; x_wconf 94' lang='lat' dir='ltr'><strong>non</strong></span> <span class='ocrx_word' id='word_1_18' title='bbox 865 557 946 618; x_wconf 86' lang='lat' dir='ltr'><strong>erat</strong></span> <span class='ocrx_word' id='word_1_19' title='bbox 972 546 1022 618; x_wconf 89' lang='lat' dir='ltr'><strong>ibi</strong></span> <span class='ocrx_word' id='word_1_20' title='bbox 1049 547 1120 618; x_wconf 93' lang='lat' dir='ltr'><strong>nisi</strong></span> <span class='ocrx_word' id='word_1_21' title='bbox 1148 570 1232 629; x_wconf 89' lang='lat' dir='ltr'><strong>nna,</strong></span> <span class='ocrx_word' id='word_1_22' title='bbox 1259 558 1298 619; x_wconf 91' lang='lat' dir='ltr'><strong>et</strong></span> <span class='ocrx_word' id='word_1_23' title='bbox 1325 547 1418 644; x_wconf 89' lang='lat' dir='ltr'><strong>quia</strong></span> 
     </span>
     <span class='ocr_line' id='line_1_4' title="bbox 290 674 1422 772; baseline -0.002 -22"><span class='ocrx_word' id='word_1_24' title='bbox 290 702 362 752; x_wconf 92' lang='lat' dir='ltr'><strong>non</strong></span> <span class='ocrx_word' id='word_1_25' title='bbox 389 680 577 752; x_wconf 81' lang='lat' dir='ltr'>introisset</span> <span class='ocrx_word' id='word_1_26' title='bbox 602 701 687 750; x_wconf 85' lang='lat' dir='ltr'><strong>curn</strong></span> <span class='ocrx_word' id='word_1_27' title='bbox 713 676 899 772; x_wconf 82' lang='lat' dir='ltr'><strong>discipulis</strong></span> <span class='ocrx_word' id='word_1_28' title='bbox 926 676 1003 748; x_wconf 87' lang='lat' dir='ltr'><strong>suis</strong></span> <span class='ocrx_word' id='word_1_29' title='bbox 1021 674 1125 748; x_wconf 88' lang='lat' dir='ltr'><strong>lesus</strong></span> <span class='ocrx_word' id='word_1_30' title='bbox 1145 676 1183 747; x_wconf 93' lang='lat' dir='ltr'><strong>in</strong></span> <span class='ocrx_word' id='word_1_31' title='bbox 1202 675 1338 760; x_wconf 78' lang='lat' dir='ltr'><strong>navim,</strong></span> <span class='ocrx_word' id='word_1_32' title='bbox 1353 677 1422 748; x_wconf 88' lang='lat' dir='ltr'><strong>sed</strong></span> 
     </span>
     <span class='ocr_line' id='line_1_5' title="bbox 290 805 874 902; baseline -0.014 -21"><span class='ocrx_word' id='word_1_33' title='bbox 290 806 358 881; x_wconf 83' lang='lat' dir='ltr'><strong>soli</strong></span> <span class='ocrx_word' id='word_1_34' title='bbox 385 805 550 902; x_wconf 88' lang='lat' dir='ltr'><strong>discipuli</strong></span> <span class='ocrx_word' id='word_1_35' title='bbox 577 807 657 878; x_wconf 89' lang='lat' dir='ltr'><strong>eius</strong></span> <span class='ocrx_word' id='word_1_36' title='bbox 684 805 874 877; x_wconf 86' lang='lat' dir='ltr'><strong>abiissent:</strong></span> 
     </span>
    </p>

    <p class='ocr_par' dir='ltr' id='par_1_3' title="bbox 291 927 1425 1264">
     <span class='ocr_line' id='line_1_6' title="bbox 396 927 1424 1028; baseline -0.005 -21"><span class='ocrx_word' id='word_1_37' title='bbox 396 927 450 1008; x_wconf 71' lang='lat'><strong>23</strong></span> <span class='ocrx_word' id='word_1_38' title='bbox 477 933 570 1007; x_wconf 80' lang='lat' dir='ltr'><strong>aliae</strong></span> <span class='ocrx_word' id='word_1_39' title='bbox 601 955 690 1006; x_wconf 82' lang='lat' dir='ltr'><strong>vero</strong></span> <span class='ocrx_word' id='word_1_40' title='bbox 725 942 1015 1028; x_wconf 83' lang='lat' dir='ltr'><strong>supervenerunt</strong></span> <span class='ocrx_word' id='word_1_41' title='bbox 1040 953 1155 1003; x_wconf 86' lang='lat' dir='ltr'><strong>nares</strong></span> <span class='ocrx_word' id='word_1_42' title='bbox 1181 953 1203 1002; x_wconf 89' lang='lat' dir='ltr'><strong>a</strong></span> <span class='ocrx_word' id='word_1_43' title='bbox 1230 929 1424 1004; x_wconf 85' lang='lat' dir='ltr'><strong>Tiberiade</strong></span> 
     </span>
     <span class='ocr_line' id='line_1_7' title="bbox 291 1058 1425 1155; baseline -0.005 -21"><span class='ocrx_word' id='word_1_44' title='bbox 291 1061 395 1135; x_wconf 79' lang='lat' dir='ltr'><strong>iuxta</strong></span> <span class='ocrx_word' id='word_1_45' title='bbox 422 1060 542 1134; x_wconf 87' lang='lat' dir='ltr'><strong>locum</strong></span> <span class='ocrx_word' id='word_1_46' title='bbox 562 1059 623 1133; x_wconf 91' lang='lat' dir='ltr'><strong>uhi</strong></span> <span class='ocrx_word' id='word_1_47' title='bbox 648 1060 956 1131; x_wconf 77' lang='lat' dir='ltr'><strong>manducaverant</strong></span> <span class='ocrx_word' id='word_1_48' title='bbox 983 1082 1135 1155; x_wconf 87' lang='lat' dir='ltr'><strong>panem,</strong></span> <span class='ocrx_word' id='word_1_49' title='bbox 1154 1058 1291 1154; x_wconf 76' lang='lat' dir='ltr'><strong>gratias</strong></span> <span class='ocrx_word' id='word_1_50' title='bbox 1307 1081 1425 1154; x_wconf 84' lang='lat' dir='ltr'><strong>agen-</strong></span> 
     </span>
     <span class='ocr_line' id='line_1_8' title="bbox 292 1187 528 1264; baseline -0.017 0"><span class='ocrx_word' id='word_1_51' title='bbox 292 1199 331 1264; x_wconf 76' lang='lat' dir='ltr'><strong>te</strong></span> <span class='ocrx_word' id='word_1_52' title='bbox 358 1187 528 1263; x_wconf 85' lang='lat' dir='ltr'><strong>Domino.</strong></span> 
     </span>
    </p>

    <p class='ocr_par' dir='ltr' id='par_1_4' title="bbox 292 1309 1426 1664">
     <span class='ocr_line' id='line_1_9' title="bbox 397 1309 1423 1410; baseline -0.002 -22"><span class='ocrx_word' id='word_1_53' title='bbox 397 1309 452 1388; x_wconf 64' lang='grc'><strong>24</strong></span> <span class='ocrx_word' id='word_1_54' title='bbox 478 1313 572 1387; x_wconf 87' lang='lat' dir='ltr'><strong>Cum</strong></span> <span class='ocrx_word' id='word_1_55' title='bbox 598 1337 684 1410; x_wconf 81' lang='lat' dir='ltr'><strong>ergo</strong></span> <span class='ocrx_word' id='word_1_56' title='bbox 714 1315 864 1388; x_wconf 85' lang='lat' dir='ltr'><strong>vidisset</strong></span> <span class='ocrx_word' id='word_1_57' title='bbox 891 1313 999 1388; x_wconf 86' lang='lat' dir='ltr'><strong>turba</strong></span> <span class='ocrx_word' id='word_1_58' title='bbox 1026 1313 1112 1409; x_wconf 89' lang='lat' dir='ltr'><strong>quia</strong></span> <span class='ocrx_word' id='word_1_59' title='bbox 1141 1313 1243 1386; x_wconf 84' lang='lat' dir='ltr'><strong>lesus</strong></span> <span class='ocrx_word' id='word_1_60' title='bbox 1262 1336 1332 1386; x_wconf 96' lang='lat' dir='ltr'><strong>non</strong></span> <span class='ocrx_word' id='word_1_61' title='bbox 1356 1337 1423 1386; x_wconf 88' lang='lat' dir='ltr'><strong>es-</strong></span> 
     </span>
     <span class='ocr_line' id='line_1_10' title="bbox 292 1438 1426 1537; baseline -0.004 -22"><span class='ocrx_word' id='word_1_62' title='bbox 292 1455 351 1516; x_wconf 81' lang='lat' dir='ltr'><strong>set</strong></span> <span class='ocrx_word' id='word_1_63' title='bbox 377 1441 427 1513; x_wconf 90' lang='lat' dir='ltr'><strong>ibi</strong></span> <span class='ocrx_word' id='word_1_64' title='bbox 454 1463 571 1536; x_wconf 80' lang='lat' dir='ltr'><strong>neque</strong></span> <span class='ocrx_word' id='word_1_65' title='bbox 598 1440 765 1537; x_wconf 89' lang='lat' dir='ltr'><strong>discipuli</strong></span> <span class='ocrx_word' id='word_1_66' title='bbox 793 1442 885 1524; x_wconf 88' lang='lat' dir='ltr'><strong>eius,</strong></span> <span class='ocrx_word' id='word_1_67' title='bbox 904 1439 1147 1512; x_wconf 86' lang='lat' dir='ltr'><strong>ascenderunt</strong></span> <span class='ocrx_word' id='word_1_68' title='bbox 1165 1439 1202 1510; x_wconf 94' lang='lat' dir='ltr'><strong>iu</strong></span> <span class='ocrx_word' id='word_1_69' title='bbox 1223 1438 1426 1523; x_wconf 79' lang='lat' dir='ltr'><strong>naviculas,</strong></span> 
     </span>
     <span class='ocr_line' id='line_1_11' title="bbox 292 1565 1233 1664; baseline -0.005 -23"><span class='ocrx_word' id='word_1_70' title='bbox 292 1582 331 1641; x_wconf 87' lang='lat' dir='ltr'><strong>et</strong></span> <span class='ocrx_word' id='word_1_71' title='bbox 359 1579 536 1642; x_wconf 82' lang='lat' dir='ltr'><strong>venerunt</strong></span> <span class='ocrx_word' id='word_1_72' title='bbox 564 1566 819 1663; x_wconf 83' lang='lat' dir='ltr'><strong>Capharnaunr</strong></span> <span class='ocrx_word' id='word_1_73' title='bbox 847 1580 1066 1664; x_wconf 83' lang='lat' dir='ltr'><strong>quaerentes</strong></span> <span class='ocrx_word' id='word_1_74' title='bbox 1098 1565 1233 1637; x_wconf 89' lang='lat' dir='ltr'><strong>lesum.</strong></span> 
     </span>
    </p>

    <p class='ocr_par' dir='ltr' id='par_1_5' title="bbox 296 1688 1427 1916">
     <span class='ocr_line' id='line_1_12' title="bbox 397 1688 1427 1777; baseline -0.004 -9"><span class='ocrx_word' id='word_1_75' title='bbox 397 1688 451 1768; x_wconf 74' lang='lat'><strong>25</strong></span> <span class='ocrx_word' id='word_1_76' title='bbox 477 1693 528 1767; x_wconf 85' lang='lat' dir='ltr'><strong>Et</strong></span> <span class='ocrx_word' id='word_1_77' title='bbox 554 1716 637 1767; x_wconf 88' lang='lat' dir='ltr'><strong>cum</strong></span> <span class='ocrx_word' id='word_1_78' title='bbox 666 1694 890 1767; x_wconf 85' lang='lat' dir='ltr'><strong>invenissent</strong></span> <span class='ocrx_word' id='word_1_79' title='bbox 917 1716 1001 1767; x_wconf 91' lang='lat' dir='ltr'><strong>eum</strong></span> <span class='ocrx_word' id='word_1_80' title='bbox 1030 1705 1133 1765; x_wconf 88' lang='lat' dir='ltr'><strong>trans</strong></span> <span class='ocrx_word' id='word_1_81' title='bbox 1164 1714 1293 1777; x_wconf 84' lang='lat' dir='ltr'><strong>mare,</strong></span> <span class='ocrx_word' id='word_1_82' title='bbox 1320 1692 1427 1765; x_wconf 82' lang='lat' dir='ltr'><strong>dixe-</strong></span> 
     </span>
     <span class='ocr_line' id='line_1_13' title="bbox 296 1815 1078 1916; baseline -0.006 -21"><span class='ocrx_word' id='word_1_83' title='bbox 296 1832 384 1895; x_wconf 86' lang='lat' dir='ltr'><strong>runt</strong></span> <span class='ocrx_word' id='word_1_84' title='bbox 409 1819 455 1892; x_wconf 86' lang='lat' dir='ltr'><strong>ei:</strong></span> <span class='ocrx_word' id='word_1_85' title='bbox 483 1819 615 1905; x_wconf 86' lang='lat' dir='ltr'><strong>Rabbi,</strong></span> <span class='ocrx_word' id='word_1_86' title='bbox 643 1820 787 1916; x_wconf 91' lang='lat' dir='ltr'><strong>quando</strong></span> <span class='ocrx_word' id='word_1_87' title='bbox 814 1820 886 1892; x_wconf 93' lang='lat' dir='ltr'><strong>huc</strong></span> <span class='ocrx_word' id='word_1_88' title='bbox 914 1815 1078 1891; x_wconf 76' lang='lat' dir='ltr'><strong>venisti?</strong></span> 
     </span>
    </p>

    <p class='ocr_par' dir='ltr' id='par_1_6' title="bbox 292 1940 1426 2297">
     <span class='ocr_line' id='line_1_14' title="bbox 399 1940 1426 2042; baseline -0.004 -22"><span class='ocrx_word' id='word_1_89' title='bbox 399 1940 452 2020; x_wconf 76' lang='lat'><strong>26</strong></span> <span class='ocrx_word' id='word_1_90' title='bbox 479 1946 682 2042; x_wconf 83' lang='lat' dir='ltr'><strong>Respondit</strong></span> <span class='ocrx_word' id='word_1_91' title='bbox 710 1947 763 2018; x_wconf 89' lang='lat' dir='ltr'><strong>eis</strong></span> <span class='ocrx_word' id='word_1_92' title='bbox 790 1945 906 2030; x_wconf 87' lang='lat' dir='ltr'><strong>lesus,</strong></span> <span class='ocrx_word' id='word_1_93' title='bbox 935 1959 973 2019; x_wconf 86' lang='lat' dir='ltr'><strong>et</strong></span> <span class='ocrx_word' id='word_1_94' title='bbox 1000 1945 1105 2018; x_wconf 84' lang='lat' dir='ltr'><strong>dixit:</strong></span> <span class='ocrx_word' id='word_1_95' title='bbox 1144 1943 1282 2027; x_wconf 77' lang='lat' dir='ltr'><strong>Amen,</strong></span> <span class='ocrx_word' id='word_1_96' title='bbox 1315 1967 1426 2017; x_wconf 87' lang='lat' dir='ltr'><strong>amen</strong></span> 
     </span>
     <span class='ocr_line' id='line_1_15' title="bbox 292 2072 1425 2170; baseline -0.001 -23"><span class='ocrx_word' id='word_1_97' title='bbox 292 2074 373 2147; x_wconf 92' lang='lat' dir='ltr'><strong>dico</strong></span> <span class='ocrx_word' id='word_1_98' title='bbox 400 2072 515 2148; x_wconf 86' lang='lat' dir='ltr'><strong>vohis:</strong></span> <span class='ocrx_word' id='word_1_99' title='bbox 545 2074 719 2170; x_wconf 89' lang='lat' dir='ltr'><strong>quaeritis</strong></span> <span class='ocrx_word' id='word_1_100' title='bbox 746 2096 806 2146; x_wconf 89' lang='lat' dir='ltr'><strong>me</strong></span> <span class='ocrx_word' id='word_1_101' title='bbox 834 2095 906 2145; x_wconf 94' lang='lat' dir='ltr'><strong>non</strong></span> <span class='ocrx_word' id='word_1_102' title='bbox 933 2073 1017 2169; x_wconf 91' lang='lat' dir='ltr'><strong>quia</strong></span> <span class='ocrx_word' id='word_1_103' title='bbox 1046 2073 1187 2146; x_wconf 83' lang='lat' dir='ltr'><strong>vidistis</strong></span> <span class='ocrx_word' id='word_1_104' title='bbox 1214 2075 1335 2169; x_wconf 80' lang='lat' dir='ltr'><strong>signa,</strong></span> <span class='ocrx_word' id='word_1_105' title='bbox 1359 2074 1425 2146; x_wconf 85' lang='lat' dir='ltr'><strong>sed</strong></span> 
     </span>
     <span class='ocr_line' id='line_1_16' title="bbox 292 2198 1300 2297; baseline -0.003 -24"><span class='ocrx_word' id='word_1_106' title='bbox 292 2203 377 2297; x_wconf 90' lang='lat' dir='ltr'><strong>quia</strong></span> <span class='ocrx_word' id='word_1_107' title='bbox 404 2201 650 2275; x_wconf 78' lang='lat' dir='ltr'><strong>manducastis</strong></span> <span class='ocrx_word' id='word_1_108' title='bbox 679 2224 725 2272; x_wconf 79' lang='lat' dir='ltr'><strong>ex</strong></span> <span class='ocrx_word' id='word_1_109' title='bbox 754 2199 925 2296; x_wconf 88' lang='lat' dir='ltr'><strong>panibus,</strong></span> <span class='ocrx_word' id='word_1_110' title='bbox 953 2211 991 2272; x_wconf 90' lang='lat' dir='ltr'><strong>et</strong></span> <span class='ocrx_word' id='word_1_111' title='bbox 1018 2198 1172 2273; x_wconf 89' lang='lat' dir='ltr'><strong>saturati</strong></span> <span class='ocrx_word' id='word_1_112' title='bbox 1199 2199 1300 2272; x_wconf 89' lang='lat' dir='ltr'><strong>estis.</strong></span> 
     </span>
    </p>

    <p class='ocr_par' dir='ltr' id='par_1_7' title="bbox 291 2321 1429 2676">
     <span class='ocr_line' id='line_1_17' title="bbox 398 2321 1429 2424; baseline -0.003 -24"><span class='ocrx_word' id='word_1_113' title='bbox 398 2321 450 2400; x_wconf 75' lang='lat'><strong>27</strong></span> <span class='ocrx_word' id='word_1_114' title='bbox 479 2327 687 2422; x_wconf 81' lang='lat' dir='ltr'><strong>Operanrini</strong></span> <span class='ocrx_word' id='word_1_115' title='bbox 707 2349 778 2399; x_wconf 94' lang='lat' dir='ltr'><strong>non</strong></span> <span class='ocrx_word' id='word_1_116' title='bbox 797 2326 933 2410; x_wconf 87' lang='lat' dir='ltr'><strong>cibum,</strong></span> <span class='ocrx_word' id='word_1_117' title='bbox 959 2329 1020 2424; x_wconf 93' lang='lat' dir='ltr'><strong>qui</strong></span> <span class='ocrx_word' id='word_1_118' title='bbox 1049 2326 1157 2423; x_wconf 88' lang='lat' dir='ltr'><strong>perit,</strong></span> <span class='ocrx_word' id='word_1_119' title='bbox 1178 2325 1240 2398; x_wconf 91' lang='lat' dir='ltr'><strong>sed</strong></span> <span class='ocrx_word' id='word_1_120' title='bbox 1264 2325 1325 2420; x_wconf 90' lang='lat' dir='ltr'><strong>qui</strong></span> <span class='ocrx_word' id='word_1_121' title='bbox 1345 2348 1429 2423; x_wconf 88' lang='lat' dir='ltr'><strong>per·</strong></span> 
     </span>
     <span class='ocr_line' id='line_1_18' title="bbox 291 2449 1427 2549; baseline 0 -25"><span class='ocrx_word' id='word_1_122' title='bbox 291 2464 417 2525; x_wconf 89' lang='lat' dir='ltr'><strong>manet</strong></span> <span class='ocrx_word' id='word_1_123' title='bbox 445 2453 482 2523; x_wconf 94' lang='lat' dir='ltr'><strong>in</strong></span> <span class='ocrx_word' id='word_1_124' title='bbox 501 2453 617 2524; x_wconf 87' lang='lat' dir='ltr'><strong>vitam</strong></span> <span class='ocrx_word' id='word_1_125' title='bbox 643 2465 846 2538; x_wconf 85' lang='lat' dir='ltr'><strong>aeternam,</strong></span> <span class='ocrx_word' id='word_1_126' title='bbox 873 2477 982 2549; x_wconf 91' lang='lat' dir='ltr'><strong>quem</strong></span> <span class='ocrx_word' id='word_1_127' title='bbox 1010 2453 1125 2525; x_wconf 85' lang='lat' dir='ltr'><strong>Filius</strong></span> <span class='ocrx_word' id='word_1_128' title='bbox 1143 2451 1304 2524; x_wconf 86' lang='lat' dir='ltr'><strong>hominis</strong></span> <span class='ocrx_word' id='word_1_129' title='bbox 1321 2449 1427 2525; x_wconf 89' lang='lat' dir='ltr'><strong>dabit</strong></span> 
     </span>
     <span class='ocr_line' id='line_1_19' title="bbox 292 2577 1128 2676; baseline -0.001 -24"><span class='ocrx_word' id='word_1_130' title='bbox 292 2579 408 2653; x_wconf 78' lang='lat' dir='ltr'><strong>tobis.</strong></span> <span class='ocrx_word' id='word_1_131' title='bbox 437 2577 540 2653; x_wconf 90' lang='lat' dir='ltr'><strong>Hunc</strong></span> <span class='ocrx_word' id='word_1_132' title='bbox 568 2579 665 2652; x_wconf 87' lang='lat' dir='ltr'><strong>eninr</strong></span> <span class='ocrx_word' id='word_1_133' title='bbox 693 2578 802 2653; x_wconf 88' lang='lat' dir='ltr'><strong>Pater</strong></span> <span class='ocrx_word' id='word_1_134' title='bbox 828 2581 986 2676; x_wconf 82' lang='lat' dir='ltr'><strong>signavit</strong></span> <span class='ocrx_word' id='word_1_135' title='bbox 1014 2580 1128 2658; x_wconf 86' lang='lat' dir='ltr'><strong>Deus.</strong></span> 
     </span>
    </p>

    <p class='ocr_par' dir='ltr' id='par_1_8' title="bbox 294 2699 1426 2930">
     <span class='ocr_line' id='line_1_20' title="bbox 398 2699 1426 2802; baseline -0.001 -24"><span class='ocrx_word' id='word_1_136' title='bbox 398 2699 451 2778; x_wconf 75' lang='lat'><strong>28</strong></span> <span class='ocrx_word' id='word_1_137' title='bbox 480 2704 657 2779; x_wconf 86' lang='lat' dir='ltr'><strong>Dixerunt</strong></span> <span class='ocrx_word' id='word_1_138' title='bbox 685 2729 771 2802; x_wconf 80' lang='lat' dir='ltr'><strong>ergo</strong></span> <span class='ocrx_word' id='word_1_139' title='bbox 803 2708 848 2780; x_wconf 87' lang='lat' dir='ltr'><strong>ad</strong></span> <span class='ocrx_word' id='word_1_140' title='bbox 877 2731 974 2780; x_wconf 90' lang='lat' dir='ltr'><strong>eum:</strong></span> <span class='ocrx_word' id='word_1_141' title='bbox 1010 2704 1104 2795; x_wconf 85' lang='lat' dir='ltr'><strong>Quid</strong></span> <span class='ocrx_word' id='word_1_142' title='bbox 1122 2706 1300 2780; x_wconf 88' lang='lat' dir='ltr'><strong>faciemus</strong></span> <span class='ocrx_word' id='word_1_143' title='bbox 1317 2717 1364 2783; x_wconf 85' lang='lat' dir='ltr'><strong>ut</strong></span> <span class='ocrx_word' id='word_1_144' title='bbox 1388 2727 1426 2777; x_wconf 80' lang='lat' dir='ltr'><strong>o</strong></span> 
     </span>
     <span class='ocr_line' id='line_1_21' title="bbox 294 2830 736 2930; baseline 0 -26"><span class='ocrx_word' id='word_1_145' title='bbox 294 2854 464 2930; x_wconf 81' lang='lat' dir='ltr'><strong>paremur</strong></span> <span class='ocrx_word' id='word_1_146' title='bbox 496 2854 606 2928; x_wconf 88' lang='lat' dir='ltr'><strong>opera</strong></span> <span class='ocrx_word' id='word_1_147' title='bbox 640 2830 736 2905; x_wconf 76' lang='lat' dir='ltr'><strong>nei?</strong></span> 
     </span>
    </p>

    <p class='ocr_par' dir='ltr' id='par_1_9' title="bbox 295 2950 1426 3182">
     <span class='ocr_line' id='line_1_22' title="bbox 397 2950 1426 3055; baseline 0 -25"><span class='ocrx_word' id='word_1_148' title='bbox 397 2950 451 3030; x_wconf 74' lang='lat'><strong>29</strong></span> <span class='ocrx_word' id='word_1_149' title='bbox 478 2957 681 3054; x_wconf 86' lang='lat' dir='ltr'><strong>Respondit</strong></span> <span class='ocrx_word' id='word_1_150' title='bbox 706 2958 822 3046; x_wconf 87' lang='lat' dir='ltr'><strong>lesus,</strong></span> <span class='ocrx_word' id='word_1_151' title='bbox 851 2973 889 3033; x_wconf 90' lang='lat' dir='ltr'><strong>et</strong></span> <span class='ocrx_word' id='word_1_152' title='bbox 916 2960 1009 3032; x_wconf 80' lang='lat' dir='ltr'><strong>dixit</strong></span> <span class='ocrx_word' id='word_1_153' title='bbox 1036 2961 1109 3033; x_wconf 88' lang='lat' dir='ltr'><strong>eis:</strong></span> <span class='ocrx_word' id='word_1_154' title='bbox 1139 2958 1215 3032; x_wconf 91' lang='lat' dir='ltr'><strong>Hoc</strong></span> <span class='ocrx_word' id='word_1_155' title='bbox 1248 2970 1306 3046; x_wconf 75' lang='lat' dir='ltr'><strong>est</strong></span> <span class='ocrx_word' id='word_1_156' title='bbox 1330 2980 1426 3055; x_wconf 89' lang='lat' dir='ltr'><strong>opus</strong></span> 
     </span>
     <span class='ocr_line' id='line_1_23' title="bbox 295 3082 1217 3182; baseline -0.001 -25"><span class='ocrx_word' id='word_1_157' title='bbox 295 3082 374 3169; x_wconf 87' lang='lat' dir='ltr'><strong>Dei,</strong></span> <span class='ocrx_word' id='word_1_158' title='bbox 410 3096 453 3156; x_wconf 90' lang='lat' dir='ltr'><strong>ut</strong></span> <span class='ocrx_word' id='word_1_159' title='bbox 484 3084 641 3158; x_wconf 89' lang='lat' dir='ltr'><strong>credatis</strong></span> <span class='ocrx_word' id='word_1_160' title='bbox 673 3085 711 3157; x_wconf 91' lang='lat' dir='ltr'><strong>in</strong></span> <span class='ocrx_word' id='word_1_161' title='bbox 744 3109 828 3160; x_wconf 89' lang='lat' dir='ltr'><strong>eum</strong></span> <span class='ocrx_word' id='word_1_162' title='bbox 861 3110 970 3182; x_wconf 86' lang='lat' dir='ltr'><strong>quern</strong></span> <span class='ocrx_word' id='word_1_163' title='bbox 1005 3087 1106 3160; x_wconf 89' lang='lat' dir='ltr'><strong>misit</strong></span> <span class='ocrx_word' id='word_1_164' title='bbox 1142 3086 1217 3160; x_wconf 86' lang='lat' dir='ltr'><strong>ille.</strong></span> 
     </span>
    </p>

    <p class='ocr_par' dir='ltr' id='par_1_10' title="bbox 292 3203 1425 3435">
     <span class='ocr_line' id='line_1_24' title="bbox 399 3203 1425 3308; baseline 0 -26"><span class='ocrx_word' id='word_1_165' title='bbox 399 3203 452 3282; x_wconf 87' lang='lat'><strong>30</strong></span> <span class='ocrx_word' id='word_1_166' title='bbox 478 3208 659 3285; x_wconf 86' lang='lat' dir='ltr'><strong>Dixerunt</strong></span> <span class='ocrx_word' id='word_1_167' title='bbox 690 3235 776 3308; x_wconf 73' lang='lat' dir='ltr'><strong>ergo</strong></span> <span class='ocrx_word' id='word_1_168' title='bbox 805 3212 852 3284; x_wconf 88' lang='lat' dir='ltr'><strong>ei:</strong></span> <span class='ocrx_word' id='word_1_169' title='bbox 881 3209 985 3301; x_wconf 83' lang='lat' dir='ltr'><strong>Quod</strong></span> <span class='ocrx_word' id='word_1_170' title='bbox 1005 3235 1091 3308; x_wconf 82' lang='lat' dir='ltr'><strong>ergo</strong></span> <span class='ocrx_word' id='word_1_171' title='bbox 1110 3223 1152 3284; x_wconf 92' lang='lat' dir='ltr'><strong>tu</strong></span> <span class='ocrx_word' id='word_1_172' title='bbox 1171 3211 1260 3284; x_wconf 86' lang='lat' dir='ltr'><strong>facis</strong></span> <span class='ocrx_word' id='word_1_173' title='bbox 1279 3210 1425 3308; x_wconf 79' lang='lat' dir='ltr'><strong>signum</strong></span> 
     </span>
     <span class='ocr_line' id='line_1_25' title="bbox 292 3335 1307 3435; baseline 0.001 -26"><span class='ocrx_word' id='word_1_174' title='bbox 292 3348 334 3409; x_wconf 92' lang='lat' dir='ltr'><strong>ut</strong></span> <span class='ocrx_word' id='word_1_175' title='bbox 363 3335 561 3422; x_wconf 88' lang='lat' dir='ltr'><strong>videamus,</strong></span> <span class='ocrx_word' id='word_1_176' title='bbox 590 3351 628 3410; x_wconf 94' lang='lat' dir='ltr'><strong>et</strong></span> <span class='ocrx_word' id='word_1_177' title='bbox 655 3338 846 3411; x_wconf 88' lang='lat' dir='ltr'><strong>credamus</strong></span> <span class='ocrx_word' id='word_1_178' title='bbox 874 3337 971 3412; x_wconf 76' lang='lat' dir='ltr'><strong>tibi?</strong></span> <span class='ocrx_word' id='word_1_179' title='bbox 999 3340 1084 3435; x_wconf 93' lang='lat' dir='ltr'><strong>quid</strong></span> <span class='ocrx_word' id='word_1_180' title='bbox 1112 3335 1307 3435; x_wconf 70' lang='lat' dir='ltr'><strong>operaris?</strong></span> 
     </span>
    </p>

    <p class='ocr_par' dir='ltr' id='par_1_11' title="bbox 292 3456 1429 3789">
     <span class='ocr_line' id='line_1_26' title="bbox 397 3456 1429 3539; baseline 0.004 -4"><span class='ocrx_word' id='word_1_181' title='bbox 397 3456 444 3537; x_wconf 85' lang='lat'><strong>31</strong></span> <span class='ocrx_word' id='word_1_182' title='bbox 477 3462 605 3537; x_wconf 88' lang='lat' dir='ltr'><strong>Patres</strong></span> <span class='ocrx_word' id='word_1_183' title='bbox 633 3465 747 3538; x_wconf 88' lang='lat' dir='ltr'><strong>nostri</strong></span> <span class='ocrx_word' id='word_1_184' title='bbox 776 3466 1087 3539; x_wconf 87' lang='lat' dir='ltr'><strong>manducaverunt</strong></span> <span class='ocrx_word' id='word_1_185' title='bbox 1114 3488 1247 3538; x_wconf 89' lang='lat' dir='ltr'><strong>manna</strong></span> <span class='ocrx_word' id='word_1_186' title='bbox 1283 3465 1320 3536; x_wconf 92' lang='lat' dir='ltr'><strong>in</strong></span> <span class='ocrx_word' id='word_1_187' title='bbox 1362 3465 1429 3539; x_wconf 89' lang='lat' dir='ltr'><strong>de·</strong></span> 
     </span>
     <span class='ocr_line' id='line_1_27' title="bbox 292 3589 1425 3687; baseline 0.004 -26"><span class='ocrx_word' id='word_1_188' title='bbox 292 3601 404 3673; x_wconf 86' lang='lat' dir='ltr'><strong>serto,</strong></span> <span class='ocrx_word' id='word_1_189' title='bbox 433 3589 527 3662; x_wconf 89' lang='lat' dir='ltr'><strong>sieut</strong></span> <span class='ocrx_word' id='word_1_190' title='bbox 554 3591 731 3687; x_wconf 87' lang='lat' dir='ltr'><strong>scripturn</strong></span> <span class='ocrx_word' id='word_1_191' title='bbox 760 3606 828 3664; x_wconf 91' lang='lat' dir='ltr'><strong>est:</strong></span> <span class='ocrx_word' id='word_1_192' title='bbox 859 3592 996 3666; x_wconf 88' lang='lat' dir='ltr'><strong>Panem</strong></span> <span class='ocrx_word' id='word_1_193' title='bbox 1025 3593 1069 3666; x_wconf 92' lang='lat' dir='ltr'><strong>de</strong></span> <span class='ocrx_word' id='word_1_194' title='bbox 1099 3593 1201 3665; x_wconf 92' lang='lat' dir='ltr'><strong>caelo</strong></span> <span class='ocrx_word' id='word_1_195' title='bbox 1229 3591 1329 3665; x_wconf 90' lang='lat' dir='ltr'><strong>dedit</strong></span> <span class='ocrx_word' id='word_1_196' title='bbox 1371 3593 1425 3666; x_wconf 87' lang='lat' dir='ltr'><strong>cis</strong></span> 
     </span>
     <span class='ocr_line' id='line_1_28' title="bbox 293 3683 1214 3789; baseline 0.01 -2"><span class='ocrx_word' id='word_1_197' title='bbox 293 3715 522 3789; x_wconf 86' lang='lat' dir='ltr'><strong>manducare.</strong></span> <span class='ocrx_word' id='word_1_198' title='bbox 1203 3683 1214 3705; x_wconf 64' lang='lat'>„</span> 
     </span>
    </p>

    <p class='ocr_par' dir='ltr' id='par_1_12' title="bbox 294 3836 1425 4194">
     <span class='ocr_line' id='line_1_29' title="bbox 398 3836 1424 3939; baseline 0.005 -24"><span class='ocrx_word' id='word_1_199' title='bbox 398 3836 448 3915; x_wconf 77' lang='lat'><strong>32</strong></span> <span class='ocrx_word' id='word_1_200' title='bbox 478 3841 579 3916; x_wconf 79' lang='lat' dir='ltr'><strong>Dixit</strong></span> <span class='ocrx_word' id='word_1_201' title='bbox 607 3867 693 3939; x_wconf 81' lang='lat' dir='ltr'><strong>ergo</strong></span> <span class='ocrx_word' id='word_1_202' title='bbox 721 3845 775 3917; x_wconf 89' lang='lat' dir='ltr'><strong>eis</strong></span> <span class='ocrx_word' id='word_1_203' title='bbox 805 3844 918 3920; x_wconf 88' lang='lat' dir='ltr'><strong>lesus:</strong></span> <span class='ocrx_word' id='word_1_204' title='bbox 950 3845 1081 3930; x_wconf 78' lang='lat' dir='ltr'><strong>Arnen,</strong></span> <span class='ocrx_word' id='word_1_205' title='bbox 1110 3868 1217 3919; x_wconf 88' lang='lat' dir='ltr'><strong>amen</strong></span> <span class='ocrx_word' id='word_1_206' title='bbox 1245 3844 1327 3919; x_wconf 89' lang='lat' dir='ltr'><strong>dico</strong></span> <span class='ocrx_word' id='word_1_207' title='bbox 1359 3867 1424 3920; x_wconf 84' lang='lat' dir='ltr'><strong>vo-</strong></span> 
     </span>
     <span class='ocr_line' id='line_1_30' title="bbox 294 3957 1425 4068; baseline 0.005 -28"><span class='ocrx_word' id='word_1_208' title='bbox 294 3957 360 4041; x_wconf 85' lang='lat' dir='ltr'><strong>bis:</strong></span> <span class='ocrx_word' id='word_1_209' title='bbox 389 3966 466 4041; x_wconf 89' lang='lat' dir='ltr'><strong>Non</strong></span> <span class='ocrx_word' id='word_1_210' title='bbox 496 3966 637 4064; x_wconf 87' lang='lat' dir='ltr'><strong>Moyses</strong></span> <span class='ocrx_word' id='word_1_211' title='bbox 664 3971 764 4044; x_wconf 90' lang='lat' dir='ltr'><strong>dedit</strong></span> <span class='ocrx_word' id='word_1_212' title='bbox 792 3972 895 4047; x_wconf 88' lang='lat' dir='ltr'><strong>vobis</strong></span> <span class='ocrx_word' id='word_1_213' title='bbox 924 3994 1058 4068; x_wconf 89' lang='lat' dir='ltr'><strong>panem</strong></span> <span class='ocrx_word' id='word_1_214' title='bbox 1086 3968 1425 4058; x_wconf 87' lang='lat' dir='ltr'><strong>decaelo,sedPa-</strong></span> 
     </span>
     <span class='ocr_line' id='line_1_31' title="bbox 294 4090 1231 4194; baseline 0.002 -28"><span class='ocrx_word' id='word_1_215' title='bbox 294 4090 351 4167; x_wconf 87' lang='lat' dir='ltr'><strong>ter</strong></span> <span class='ocrx_word' id='word_1_216' title='bbox 376 4116 480 4170; x_wconf 83' lang='lat' dir='ltr'><strong>mous</strong></span> <span class='ocrx_word' id='word_1_217' title='bbox 508 4095 571 4168; x_wconf 89' lang='lat' dir='ltr'><strong>dat</strong></span> <span class='ocrx_word' id='word_1_218' title='bbox 599 4095 701 4169; x_wconf 89' lang='lat' dir='ltr'><strong>vobis</strong></span> <span class='ocrx_word' id='word_1_219' title='bbox 729 4121 860 4194; x_wconf 87' lang='lat' dir='ltr'><strong>panem</strong></span> <span class='ocrx_word' id='word_1_220' title='bbox 889 4100 933 4173; x_wconf 89' lang='lat' dir='ltr'><strong>de</strong></span> <span class='ocrx_word' id='word_1_221' title='bbox 962 4097 1062 4172; x_wconf 87' lang='lat' dir='ltr'><strong>caelo</strong></span> <span class='ocrx_word' id='word_1_222' title='bbox 1091 4119 1231 4173; x_wconf 81' lang='lat' dir='ltr'><strong>verum.</strong></span> 
     </span>
    </p>
   </div>
   <div class='ocr_carea' id='block_1_3' title="bbox 0 0 1505 4912">
    <p class='ocr_par' dir='ltr' id='par_1_13' title="bbox 0 0 1505 4912">
     <span class='ocr_line' id='line_1_32' title="bbox 0 0 1505 4912; baseline 0 0"><span class='ocrx_word' id='word_1_223' title='bbox 0 0 1505 4912; x_wconf 95' lang='lat' dir='ltr'><strong> </strong></span> 
     </span>
    </p>
   </div>
  </div>
 </body>
</html>
