2986 4912
280 282 321 349 11
619 296 648 342 m
672 293 808 342 {annana
831 293 1080 342 conannrmrvu

279 384 558 470 chrysostomum.
583 380 635 443 Ex
655 381 704 442 his
725 398 858 459 quoque
880 380 975 442 facile
996 386 1044 442 est
1064 380 1191 443 efficere
1206 378 1351 443 Verbum
1373 383 1420 444 ia-

278 494 368 550 ctum
389 505 453 548 non
473 503 553 562 csse,
576 490 674 562 atque
696 488 865 544 aeternum
886 501 966 559 esse,
990 501 1104 562 quum,
1126 483 1282 562 quidquid
1303 485 1422 564 prinei-

278 589 369 669 pium
389 587 497 663 babet,
521 586 643 648 iactum
663 584 713 646 sit.

358 687 407 750 De
427 708 481 751 vv.
503 685 534 750 3.
556 681 577 752 lt
597 686 869 766 interpungendis.
897 683 1007 747 Primo
1034 685 1139 765 graeci
1168 686 1294 749 codices
1322 687 1422 767 pleri-

281 809 346 870 que
367 808 476 852 omnes
498 794 530 850 et
549 787 641 849 latini
669 788 774 849 minus
795 787 935 863 vetusti,
965 787 1042 849 item
1070 792 1201 866 patrum
1230 790 1423 867 praesertim

281 907 473 970 graecorum
494 907 581 969 pars,
605 888 649 949 ita
671 887 800 948 babent:
824 895 853 947 et
872 885 939 946 sine
960 884 1028 966 ipsa
1048 889 1226 967 factumest
1245 887 1425 970 nibilqaad

279 996 472 1074 factumest.
495 989 536 1052 Ia
558 988 625 1069 ipsa
647 987 813 1050 eiecerat.
839 985 987 1050 Secundo
1016 1008 1126 1052 omnes
1153 991 1329 1071 scriptores
1356 992 1425 1072 pri-

280 1112 410 1157 morum
431 1092 531 1155 trium
552 1091 773 1167 saeculorum,
797 1109 835 1154 ac
857 1097 1044 1153 ceterorum
1061 1108 1137 1171 pars
1157 1092 1253 1171 longe
1267 1093 1423 1170 maxima,

281 1195 407 1258 codices
427 1194 505 1256 item
524 1193 616 1254 latini
636 1191 898 1268 vetustissimi,et
920 1192 1051 1270 quidam
1080 1211 1098 1254 e
1124 1194 1247 1271 graecis
1267 1195 1427 1257 vetustio-

282 1298 372 1359 ribus
393 1298 472 1358 baec
495 1295 595 1358 verba
615 1294 821 1374 interpuncta
843 1294 999 1356 exhibent
1027 1295 1189 1357 alterutra
1203 1296 1341 1373 ratione,
1357 1298 1425 1360 vel:

282 1396 325 1458 Et
344 1395 411 1458 eine
432 1396 499 1476 ipsa
520 1398 639 1476 factam
660 1404 704 1456 est
724 1394 818 1457 nibil.
845 1393 937 1468 and
963 1397 1169 1476 factumest,
1198 1395 1234 1458 in
1262 1395 1329 1476 ipsa
1356 1396 1427 1460 cita

281 1507 361 1570 erat,
383 1499 447 1561 vel:
471 1497 514 1559 Et
533 1496 600 1557 sine
620 1495 688 1575 ipso
708 1499 828 1576 factam
858 1505 902 1557 est
928 1495 1022 1558 nibil.
1055 1494 1145 1572 Qaed
1171 1500 1290 1579 saetam
1318 1507 1362 1559 est
1388 1497 1427 1561 in

280 1597 362 1679 ipsa,
383 1597 451 1660 cita
472 1606 549 1660 erat.
573 1596 677 1659 Biblia
699 1599 834 1676 vulgata
854 1596 949 1682 Xysti
969 1596 997 1659 V
1019 1616 1070 1658 an.
1093 1592 1184 1662 159οτ
1205 1597 1249 1660 Et
1268 1598 1336 1660 sine
1355 1600 1427 1681 ipso

281 1703 401 1781 factam
422 1709 466 1761 est
486 1698 581 1761 nibil:
606 1697 696 1774 and
715 1703 835 1781 factam
855 1697 955 1760 estin
975 1698 1043 1779 ipso
1057 1697 1125 1760 cita
1139 1709 1217 1762 erat.
1234 1700 1337 1763 Biblia
1352 1701 1427 1767 Cle-

282 1803 397 1865 mentis
417 1800 496 1865 Vlll
516 1786 588 1864 ann'.
611 1799 703 1878 1592,
725 1799 817 1876 1593,
840 1796 930 1865 1598:
953 1800 998 1862 Et
1017 1799 1084 1862 siae
1097 1800 1165 1881 ipso
1183 1804 1302 1882 factam
1316 1813 1359 1865 est
1373 1805 1426 1866 ni-

283 1904 343 1977 bit,
365 1905 447 1984 qaod
466 1907 661 1985 factumest,
683 1901 808 1982 inipso
829 1901 995 1964 eitaerat.
1027 1902 1276 1984 Chrysostomus
1304 1907 1428 1968 aeriter

282 2007 419 2085 primam
444 2005 735 2085 interpunctionem
761 2005 921 2081 defendit,
951 2005 1089 2066 alteram
1116 2024 1196 2067 vcro
1226 2008 1425 2069 haereticum

282 2107 359 2169 dicit
379 2127 539 2186 sensuque
560 2109 645 2169 omni
666 2107 864 2169 destitutam.
888 2105 951 2168 Sed
976 2107 1067 2168 nimis
1096 2127 1209 2170 severe
1237 2126 1296 2169 nec
1323 2129 1422 2188 vere,

284 2228 387 2287 quum
408 2215 441 2271 ct
461 2209 572 2289 primis
593 2210 698 2271 tribus
719 2209 857 2270 succulis
878 2227 916 2271 ea
938 2209 1132 2283 obtinuerit,
1158 2215 1192 2271 et
1215 2211 1426 2289 praeclarum

282 2329 412 2373 sensum
433 2311 602 2386 exhibeat,
625 2310 760 2388 eiusque
782 2311 981 2372 constructio
1002 2329 1040 2371 ca
1061 2311 1102 2371 sit
1122 2329 1207 2389 quae
1235 2311 1314 2374 alias
1342 2332 1427 2391 quo-

284 2430 348 2489 que
359 2416 407 2472 est
417 2411 449 2471 in
459 2411 585 2490 scriptis
597 2408 736 2488 loannis,
750 2417 787 2473 ut
801 2412 989 2491 pronomine
1001 2411 1139 2474 relativo
1151 2412 1277 2474 initium
1289 2413 1345 2474 fiat
1357 2412 1398 2494 (1)
1414 2458 1424 2490 ,

283 2512 395 2590 sicque
416 2511 604 2573 ordinanda:
622 2509 758 2590 inipso,
780 2512 863 2591 qaod
882 2515 1002 2593 factam
1017 2519 1073 2584 est,
1089 2509 1156 2573 aito
1170 2521 1247 2575 erat.
1265 2512 1350 2593 Lege
1365 2513 1430 2600 Cy-

284 2612 407 2673 rillum.

364 2736 417 2781 vv.
432 2714 463 2781 lt.
480 2715 509 2780 5.
526 2715 648 2779 Deinde
666 2718 705 2778 ad
721 2736 821 2797 opera
837 2718 958 2797 gratiae
983 2715 1116 2780 Ioannes
1142 2720 1265 2781 transit.
1288 2719 1428 2783 Nomina

283 2817 371 2890 cita,
397 2818 477 2891 lna,
503 2818 642 2879 tenebrae
670 2818 729 2880 sibi
750 2818 884 2881 invicem
912 2818 1023 2879 lumen
1047 2818 1213 2897 adhibent,
1236 2822 1429 2900 pracsertim

285 2919 312 2981 si
333 2925 563 2999 comparentur
585 2938 659 2981 cum
680 2920 751 2981 aliis
774 2918 898 2982 Ioannis
920 2921 1100 2996 sententiis,
1123 2926 1221 2999 atque
1241 2922 1322 2985 adeo
1350 2943 1428 2986 cum

286 3019 427 3081 aliorum
447 3020 644 3099 scriptorum
661 3019 864 3088 θεοπψευστων
878 3020 1018 3081 niaxime
1040 3039 1119 3083 vero
1142 3018 1246 3083 Pauli.

365 3117 393 3180 E
416 3121 609 3198 comparatis
630 3118 709 3182 locis
731 3116 857 3182 loannis
872 3128 1007 3203 apparet
1022 3121 1119 3184 lacem
1134 3143 1215 3200 esse,
1232 3142 1330 3204 quam
1343 3122 1429 3186 Ver-

285 3217 365 3279 bum
386 3220 532 3282 doctrina
554 3239 613 3283 sua
634 3220 793 3283 mentibus
818 3223 986 3284 bominum
1011 3223 1137 3299 affudit,
1161 3225 1273 3286 lumen
1293 3225 1428 3303 inquam

287 3317 360 3380 [idei
381 3337 455 3382 cum
477 3321 611 3383 caritate
633 3322 834 3399 coniunctae,
857 3323 888 3384 id
911 3330 970 3399 est,
988 3343 1071 3404 quae
1080 3344 1140 3403 per
1153 3323 1337 3386 ebaritatern
1358 3344 1430 3404 ape-

286 3430 379 3481 ratar
400 3418 442 3499 (2)
454 3441 465 3499 3
489 3422 628 3483 tenebras
649 3424 745 3485 buius
766 3424 897 3486 luminis
918 3425 1092 3503 deiectum,
1115 3427 1159 3488 ita
1182 3435 1287 3489 tamen
1308 3433 1346 3488 ut
1365 3429 1429 3490 bae

288 3520 337 3581 illi
356 3523 522 3602 oppositae
543 3523 606 3584 sint
628 3542 690 3584 non
713 3521 873 3603 privative
893 3526 947 3586 sed
969 3525 1127 3587 contrarie
1137 3570 1149 3600 ,
1172 3545 1261 3604 nam,
1284 3527 1310 3589 si
1331 3546 1427 3590 secus

290 3622 386 3699 ieret,
412 3641 475 3684 non
496 3629 625 3702 possent
644 3624 707 3685 dici
728 3626 786 3685 iar
806 3623 842 3685 in
863 3625 994 3688 tenebris
1015 3629 1129 3701 iacere,
1152 3636 1180 3687 et
1200 3629 1341 3689 tenebrae
1359 3647 1428 3690 eam

290 3742 355 3784 non
376 3722 637 3803 camprebendisse
659 3722 712 3802 (3).
730 3725 905 3805 -Primo,
930 3728 1017 3808 quod
1039 3731 1096 3789 ina
1117 3748 1180 3790 non
1201 3731 1242 3791 sit
1262 3730 1330 3809 ipsa
1348 3729 1428 3794 fides

362 3941 396 4007 (1(
415 3941 488 3992 Cani.
510 3943 546 3992 io.
569 3945 591 4010 1,
614 3942 657 4010 ⁴53
679 3943 691 3991 Ι
716 3945 753 3995 io.
776 3947 797 4013 1,
819 3945 845 3994 1.

366 4033 401 4099 (2)
423 4035 480 4085 Gai.
501 4037 535 4101 V,
558 4037 582 4085 d.

366 4127 401 4195 (3)
422 4129 459 4178 Ιο.
479 4130 500 4193 1,
522 4127 546 4175 5.
