2986 4912
527 347 630 399 ctuv't
653 350 793 399 utcluvtt
816 350 920 398 Nost!

541 565 747 614 CAPVT
804 565 914 614 xtx

212 823 297 906 l
331 745 468 907 Tune
494 854 580 930 ergo
598 828 836 930 uppueheudit
861 829 1001 965 Pilatus
1028 832 1161 920 lesum,
1177 845 1215 911 ut
1241 831 1308 905 lle-

167 959 329 1060 gellevit

274 1083 301 1162 2
328 1080 376 1162 Εἰ
403 1086 538 1161 milites
565 1086 766 1186 plectentes
781 1111 951 1163 eoronam
979 1089 1025 1162 de
1046 1112 1171 1186 spinis,
1186 1110 1306 1186 tmpo-

170 1230 322 1291 suerunt
348 1216 458 1314 capiti
475 1216 566 1289 eius:
600 1232 638 1290 et
665 1229 768 1291 veste
796 1240 976 1315 purpurea
994 1216 1307 1291 circumdederunt

168 1366 267 1418 eum.

280 1463 306 1546 3
333 1469 383 1546 Et
408 1470 602 1546 veniebant
634 1469 679 1544 ud
707 1493 813 1556 eum,
841 1485 879 1544 et
905 1470 1097 1545 dicebant:
1131 1469 1207 1546 due
1242 1493 1309 1544 rex

171 1599 399 1674 ludaeorum:
430 1612 468 1674 et
492 1598 629 1673 dubunt
655 1599 689 1672 ei
718 1598 853 1697 alapas.

278 1721 303 1801 l
330 1726 455 1802 Exivit
482 1751 575 1825 ergo
598 1727 732 1800 iterum
763 1725 903 1800 Pilatus
931 1727 1045 1812 lorus,
1061 1742 1099 1801 et
1125 1725 1212 1800 dicit
1238 1726 1307 1799 eie.

170 1853 266 1929 Eece
293 1855 431 1929 adduco
458 1853 561 1929 vohis
579 1876 663 1928 eum
693 1854 806 1941 lorus,
826 1867 868 1929 ut
883 1855 1108 1953 cognoscetis
1125 1854 1210 1954 quiu
1227 1852 1312 1929 nul·

170 1978 282 2057 lem
271 1981 414 2057 mveuio
441 1981 477 2056 in
504 2005 549 2057 eu
576 2003 736 2057 causam.

277 2103 304 2184 5
335 2107 347 2208 l
375 2108 499 2183 Exivit
525 2131 611 2206 ergo
639 2109 740 2183 lesus
771 2122 920 2207 portans
944 2130 1113 2183 eoronam
1133 2107 1309 2206 spineam,

171 2252 211 2313 et
237 2261 459 2338 purpureum
480 2238 763 2314 uestimentum:
780 2234 792 2337 l
810 2236 858 2312 Et
883 2238 971 2311 dicit
990 2238 1054 2312 eis:
1074 2231 1169 2311 Eece
1186 2236 1309 2311 home.

194 2380 197 2389 ‘
279 2359 304 2440 6
331 2364 423 2440 Cum
452 2389 537 2463 ergo
556 2364 731 2439 vidissent
752 2388 835 2439 eum
855 2358 1064 2452 Pontifices,
1084 2377 1122 2439 et
1140 2362 1310 2447 ministri

178 2492 400 2578 clamabunt,
426 2492 601 2567 dieentes:
622 2491 812 2591 crucifige,
832 2492 999 2591 crucifige
1018 2516 1116 2568 eum.
1136 2490 1232 2566 Dicit
1258 2491 1312 2565 eis

178 2618 327 2696 Pilatus:
357 2619 519 2718 Accipite
547 2643 630 2694 eum
646 2643 726 2707 vos,
755 2620 1213 2720 eterueillgitezeguenim
1233 2639 1311 2692 >non

176 2746 319 2825 invenio
346 2747 382 2821 in
410 2771 454 2822 eo
482 2769 643 2822 causum.
927 2834 931 2839 .

282 2865 307 2948 'l
335 2873 613 2973 Responderunt
640 2874 673 2947 ei
701 2872 835 2948 ludaei:
865 2872 938 2950 Nos
965 2874 1081 2972 legem
1109 2873 1310 2959 hebemus·‚·
1354 2878 1361 2889 ‘

178 3015 219 3078 et
245 3001 443 3077 seeundum
471 3001 590 3100 legem
618 2999 728 3076 debet
759 3003 879 3090 moui,
906 3002 991 3102 quie
1026 3001 1140 3075 filium
1168 3000 1234 3075 Dei
1271 3024 1310 3075 se

180 3128 279 3204 lecit.

286 3251 312 3332 8
339 3256 433 3332 Cum
466 3280 552 3357 ergo
589 3256 753 3332 audisset
778 3256 918 3333 Pilutus
959 3258 1055 3332 hune
1088 3280 1310 3343 sermonem,

177 3383 293 3483 magis
320 3384 457 3460 timuit.

283 3505 307 3586 9
335 3511 384 3588 Et
410 3514 594 3611 ingressus
613 3525 671 3586 est
689 3512 910 3611 praetorium
931 3512 1075 3588 iterum:
1099 3527 1138 3588 et
1155 3512 1247 3589 dixit
1264 3512 1311 3587 ud

177 3639 310 3721 lesum:
339 3638 440 3733 Vnde
468 3637 593 3716 estu?
621 3640 722 3715 lesus
751 3655 875 3718 eutem
902 3665 1115 3740 responsum
1143 3665 1215 3716 nun
1244 3641 1310 3715 de-

175 3767 229 3843 dit
255 3769 302 3842 ei.

284 3890 338 3983 10
362 3893 457 3972 Dicit
483 3919 569 3995 ergo
596 3893 799 3974 e1Pilutus.
820 3896 907 3972 Mihi
928 3918 998 3971 uon
1025 3891 1215 3993 loqueris?
1234 3917 1310 3970 ne·

175 4023 248 4097 seis
275 4024 359 4122 quie
385 4035 606 4122 potestatem
634 4023 753 4126 habeo
779 4024 987 4122 crucifigere
1008 4036 1059 4108 tu,
1079 4033 1118 4096 et
1143 4033 1308 4167 poteste-

176 4163 252 4224 tem
284 4149 401 4224 heheu
428 4150 612 4227 dimittere
640 4148 796 4227 te?
