2986 4912
512 336 516 343 '
555 339 657 387 carvr
683 340 824 390 arctavit
847 343 953 391 nonvu
1265 335 1324 405 221

272 445 302 487 v.
323 422 372 488 31.
396 423 432 488 lu
453 443 568 506 graeca
582 426 696 506 pagina
717 429 797 490 liaeo
817 428 947 492 inverso
967 430 1080 495 ordine
1093 433 1139 497 sic
1152 435 1320 517 leguntur:

195 525 231 589 Vt
250 544 315 588 noa
340 535 536 588 remanerent
558 524 595 587 ia
617 544 708 588 cruce
731 545 864 606 corpora
889 529 1028 604 caldata,
1055 533 1205 614 quoniam
1223 557 1324 619 para·

187 646 273 689 sceoe
293 635 371 690 erat.
391 624 591 690 -·0missio
613 627 745 689 articuli
767 621 789 708 ἡ
814 637 889 693 ante
912 649 1029 696 nomen
1048 655 1229 731 παρασκευη
1251 658 1322 704 cos·-

192 731 292 794 tiorcs
312 749 369 793 nos
401 729 478 793 lacit
507 729 569 792 hoo
598 748 730 811 quoque
761 733 794 794 in
823 733 897 796 loco
919 733 951 796 id
971 739 1146 818 usurpari,
1169 758 1234 803 non
1254 761 1318 822 qua

180 829 458 914 praeparationum
479 829 656 910 significat,
678 831 733 894 sed
763 838 803 896 ut
830 851 948 896 nomeu
976 839 1147 920 proprium
1176 848 1225 905 est
1255 844 1319 908 dici

185 933 270 995 sexti
296 931 526 995 hebdomadae.
550 930 636 1012 Lege
656 951 740 1014 quae
760 933 845 996 dicta
866 941 943 998 sunt
955 937 996 999 de
1009 955 1042 1001 v.
1060 935 1111 1004 li.
1126 939 1244 1020 Porro,
1260 945 1320 1010 etsi

180 1030 459 1116 praeparatioaem
486 1032 682 1113 signiticaret
700 1032 734 1096 iu
753 1035 815 1097 hoc
834 1035 930 1112 loco,
951 1037 1020 1117 ipsa
1042 1043 1149 1103 tamen
1170 1046 1321 1109 materies

185 1141 377 1213 argumento
391 1140 476 1197 essct
488 1133 540 1214 agi
559 1133 600 1196 de
613 1135 872 1215 praeparatione,
893 1154 957 1199 non
977 1141 1150 1219 paschatis,
1172 1144 1228 1207 ssd
1248 1147 1321 1209 sab.-

186 1235 263 1298 bati.
278 1269 319 1282 -
332 1234 369 1297 ln
383 1236 506 1316 graecis
526 1235 702 1312 codicibus,
718 1235 775 1316 qui
795 1237 835 1300 de
855 1239 991 1303 meliore
1004 1249 1080 1304 nota
1094 1247 1321 1311 commendan-

185 1342 253 1414 tur,
274 1355 339 1400 non
359 1345 407 1402 est
427 1333 449 1416 ἡ
473 1332 580 1436 ἥμερα
601 1333 705 1416 instra
728 1360 784 1406 του
804 1335 985 1431 σαββατου
1013 1340 1078 1405 dies
1098 1342 1153 1408 itta
1179 1348 1319 1426 saddai,
1351 1378 1353 1382 ·

182 1438 239 1500 sed
260 1433 283 1519 ἦ
305 1434 411 1543 ἥμερα
426 1436 545 1510 ἐκεινου
560 1463 615 1509 rao
629 1440 807 1536 σαββατου
838 1440 903 1505 dies
925 1441 1016 1506 illias
1038 1443 1181 1519 sabbati,
1201 1449 1321 1528 quibm

183 1545 254 1628 pari
275 1552 351 1609 nota
371 1546 497 1610 codices
520 1547 612 1611 latini
632 1565 670 1610 ac
692 1549 840 1628 plerique
871 1547 1064 1629 interpretes
1084 1547 1316 1639 suffragantur.

185 1643 276 1720 Quos
295 1648 322 1711 si
341 1650 506 1729 sequaris,
528 1649 688 1729 intelliges
707 1666 857 1728 mapsam
877 1666 896 1710 a
924 1646 1044 1712 Ioanne
1065 1648 1139 1725 dici,
1162 1668 1226 1714 noa
1245 1652 1319 1715 sala·¹

181 1746 294 1810 batum
318 1751 406 1830 quod
431 1750 494 1813 tuit
522 1750 677 1834 postridie
704 1750 817 1814 mortis
837 1748 976 1824 Christi,
1001 1751 1058 1813 sed
1085 1750 1170 1814 diem
1194 1754 1252 1834 qui
1276 1772 1316 1818 eo

184 1864 266 1910 anno
287 1848 399 1912 incidit
417 1850 451 1911 iu
469 1850 563 1913 illum
587 1851 769 1927 sabbatum,
786 1857 885 1930 atque
900 1850 993 1927 adeo,
1009 1869 1073 1914 noa
1087 1859 1223 1935 propter
1244 1873 1317 1918 san·

183 1951 327 2014 etitatem
342 1953 490 2016 omnihus
505 1953 644 2016 sabbatis
666 1970 882 2028 communem,
897 1952 953 2015 sed
967 1958 1101 2034 propter
1114 1954 1202 2017 illius
1216 1955 1315 2036 ipsius

181 2051 245 2114 dici
272 2053 460 2134 propriam,
486 2054 605 2134 quippe
635 2053 693 2133 qui
723 2052 824 2115 luerit
851 2050 1013 2114 sccundus
1036 2052 1105 2114 dics
1124 2071 1315 2138 azymorum

182 2153 380 2218 multimodis
409 2172 502 2218 sacer
522 2173 559 2217 ac
586 2154 767 2234 religiosus.
790 2150 876 2232 Lege
896 2150 965 2217 Lib.
989 2149 1037 2215 lll
1066 2152 1105 2215 de
1133 2152 1316 2236 Evangeliis

179 2252 262 2319 Diss.
286 2255 323 2320 L.
350 2277 402 2319 nn.
424 2251 465 2324 ld
488 2275 579 2338 seqq.
604 2289 645 2303 ·-
665 2254 737 2319 Mos
768 2254 991 2318 Romanorum
1022 2260 1093 2316 erat
1123 2257 1314 2336 cruciariis,

180 2363 390 2438 posteaquam
412 2359 579 2440 aliquanto
595 2364 740 2440 tempore
753 2355 982 2438 pependerant,
998 2373 1096 2418 crura
1111 2357 1315 2439 confringere

177 2477 322 2540 moxque
341 2460 460 2523 inllicta
481 2461 576 2543 plaga
591 2478 646 2524 eos
660 2477 788 2523 nccare.
799 2456 920 2534 -His,
936 2475 1021 2537 quac
1036 2454 1170 2521 loannes
1189 2469 1312 2539 narrat,

177 2561 262 2632 illud
283 2561 450 2627 advorsari
471 2562 603 2626 videtur
623 2561 712 2642 quod
731 2560 869 2640 legimus
887 2558 972 2639 apud
992 2556 1155 2637 Marcum,
1173 2565 1211 2624 ut
1231 2560 1316 2625 Pila-

176 2666 241 2738 tus,
265 2683 369 2743 quum
389 2665 430 2726 ab
450 2663 519 2746 ipso
542 2661 700 2744 Iosephus
720 2665 847 2742 peteret
867 2676 987 2738 corpus
1008 2655 1095 2736 lesu,
1118 2661 1254 2725 miratus
1274 2664 1317 2727 sit

176 2764 264 2826 huuc
278 2765 341 2827 iam
356 2766 471 2829 obiisse
493 2762 548 2845 (υς
565 2764 623 2845 qui
643 2763 729 2828 enim
750 2762 783 2826 id
802 2760 916 2827 mirari
934 2765 1063 2842 poterat
1082 2762 1205 2827 iactum
1225 2766 1314 2845 quod

174 2864 255 2945 ipse,
277 2866 362 2929 sicut
383 2865 517 2931 loannes
537 2868 605 2943 ait,
628 2864 700 2929 lieri
720 2859 881 2927 iusserat?
905 2859 968 2926 Sed
988 2863 1118 2928 attende
1137 2866 1220 2929 illud
1242 2863 1310 2950 ἠδη

173 2965 239 3030 iam
241 2987 259 3041 ‚⁰
280 2969 435 3033 nimirum
465 2969 602 3033 miratus
624 2973 672 3031 est
694 2974 759 3029 tam
790 2965 877 3041 cito,
900 2963 989 3043 quod
1011 2963 1173 3045 iusserat,
1195 2971 1313 3039 milites

174 3075 373 3149 exsequutos
394 3088 474 3132 esse.

255 3190 286 3233 v.
308 3165 359 3234 34.
383 3169 479 3234 Hunc
499 3175 532 3233 ct
551 3186 684 3234 versum
705 3163 747 3235 30
766 3165 878 3231 confer
899 3184 974 3229 cum
996 3164 1010 3228 l
1032 3164 1079 3231 lo.
1103 3166 1144 3247 V,
1166 3167 1196 3235 8.

253 3292 286 3334 v.
307 3270 359 3336 35.
382 3270 612 3335 Animadverte
642 3269 769 3334 loannis
788 3267 926 3332 Docetas
947 3266 1240 3337 etPhaatasiastas
1260 3293 1312 3340 rc·

173 3373 306 3437 tutantis
334 3373 593 3438 sollicitudiuem.

252 3493 284 3538 v.
306 3472 357 3540 36.
381 3473 464 3551 Hoc,
493 3473 582 3556 quod
608 3471 697 3536 Deus
721 3470 894 3559 israelitas
913 3471 1088 3534 observare
1112 3472 1253 3540 iusserat
1276 3476 1309 3540 ia

171 3576 270 3658 epulo
297 3576 457 3658 paschali,
473 3595 513 3638 ne
527 3576 600 3656 agui
620 3593 691 3638 ossa
712 3574 950 3654 confringerent
965 3571 1019 3654 (2),
1037 3579 1145 3656 typus,
1164 3575 1250 3639 sicut
1266 3597 1310 3641 ex

171 3676 235 3740 hoc
254 3679 329 3741 loco
351 3677 476 3741 loannis
508 3663 747 3757 comperimus,
774 3676 837 3738 luit
856 3676 925 3738 eius
951 3674 1039 3755 quod
1063 3675 1096 3736 iu
1117 3672 1192 3740 lesu
1216 3679 1308 3743 cruci

171 3776 238 3840 lixo
259 3779 468 3842 observatum
489 3781 554 3855 cst;
576 3794 679 3857 quare
700 3777 780 3839 hacc
800 3773 959 3855 scriptura
978 3773 1157 3841 secuudum
1177 3796 1307 3845 sensum

170 3882 347 3962 spiritalem
369 3882 499 3961 impleta
521 3879 553 3941 ia
574 3876 703 3943 Christo
723 3897 792 3940 esse
813 3877 968 3941 censenda
990 3883 1049 3941 cst.

238 4090 273 4153 (l)
293 4091 376 4141 Marc.
393 4089 452 4156 xV,
472 4088 516 4140 ii.

243 4181 283 4246 (2)
302 4183 383 4238 uxor.
402 4183 466 4252 xli,
485 4181 529 4242 tc,
546 4183 624 4235 Num.
644 4178 690 4248 ut,
710 4179 753 4230 12.
869 4181 872 4184 ’
