2986 4912
120 277 140 348 ll
461 297 491 343 nv
514 297 651 345 roxnaan
674 296 923 344 rotruunvamvn

118 389 169 472 hi,
210 385 336 486 (quod
373 388 505 461 dieitur
538 389 820 484 interpretatum
859 386 1062 489 Magister)
1096 389 1158 465 uhi
1190 391 1258 463 ha·

118 514 244 589 hitas?

228 638 280 718 39
309 644 404 718 Dicit
432 646 498 718 eis:
528 643 672 729 Venite,
698 659 735 718 et
763 645 897 719 videte.
918 641 1118 730 Venerunt,
1142 659 1180 720 et
1206 647 1262 718 vi-

122 774 253 847 derunt
281 771 342 846 ubi
371 787 549 857 maneret,
573 787 612 846 et
632 774 727 870 apud
757 798 842 849 eum
870 789 1084 850 manserunt
1105 774 1162 847 die
1183 772 1261 847 illo:

122 901 211 973 hora
240 913 363 974 autem
392 917 473 976 erat
500 901 603 1000 quasi
632 901 787 975 decima.

230 1021 281 1102 tl)
310 1027 400 1103 Erat
420 1043 541 1102 autem
564 1028 727 1102 Andreas
746 1028 860 1103 irater
878 1029 1035 1104 Simonis
1050 1029 1148 1102 Petri
1168 1053 1264 1102 unns

126 1180 171 1230 ex
191 1155 345 1242 dnobus,
369 1159 430 1255 qui
460 1157 649 1231 audierant
673 1183 693 1232 a
718 1156 874 1242 loanne,
899 1172 938 1232 et
966 1159 1082 1232 secuti
1114 1158 1260 1232 fuerant

127 1308 223 1358 eum.

235 1405 281 1485 ti
315 1413 459 1488 Invenit
487 1414 547 1487 hie
570 1415 728 1512 primum
758 1413 910 1487 fratrem
934 1437 1041 1487 suum
1064 1412 1267 1498 Simonem,

128 1551 167 1611 et
194 1540 281 1613 dicit
300 1541 345 1613 ei:
376 1540 587 1616 invenimus
608 1541 792 1616 Messiam.
821 1539 938 1640 (quod
963 1555 1020 1615 est
1049 1542 1269 1638 interpreta-

130 1680 208 1739 tum
238 1668 453 1768 Christus.)

237 1789 288 1869 [ιῖ
317 1796 365 1870 Et
402 1799 553 1872 adduxit
587 1821 671 1872 eum
704 1799 748 1871 ad
783 1799 918 1872 lesum.
952 1799 1112 1873 intuitus
1145 1811 1270 1871 autem

134 1948 219 1997 eum
248 1924 372 2017 lesus,
401 1928 510 2001 dixit:
532 1925 588 2001 Tu
608 1951 648 2000 es
676 1927 802 2000 Simon
830 1926 928 2001 iilius
957 1926 1063 2000 lona:
1094 1941 1135 2000 tu
1162 1949 1273 1999 voea-

132 2051 230 2126 beris
258 2053 414 2153 Cephas.
444 2057 540 2154 quod
568 2057 830 2153 interpretatur
858 2055 1002 2129 Petrus.

242 2175 292 2257 l3
321 2184 362 2256 ln
391 2186 589 2258 crastiuum
610 2184 724 2258 voluit
743 2184 842 2258 exire
862 2184 898 2255 in
918 2181 1132 2267 Galilaeam,
1152 2194 1190 2255 et
1218 2182 1275 2254 in-

137 2311 238 2384 venit
264 2309 486 2409 Philippum.
515 2312 564 2386 Et
591 2313 680 2386 dicit
707 2313 741 2386 ei
770 2312 892 2386 iesus:
922 2311 1081 2410 Sequere
1108 2334 1181 2383 me.

246 2431 298 2512 [tlt
326 2438 416 2513 Erat
443 2454 566 2514 autem
603 2440 791 2539 Philippus
820 2465 841 2513 a
869 2439 1088 2524 Bethsaida,
1125 2438 1275 2512 civitate

139 2566 320 2652 Andreae,
349 2581 387 2641 et
414 2568 526 2645 Petri.
588 2553 590 2560 ’

247 2691 298 2770 lt
327 2696 470 2771 invenit
484 2696 672 2795 Philippus
686 2695 902 2782 Nathanael,
921 2711 960 2770 et
978 2696 1066 2770 dicit
1086 2695 1136 2768 ei:
1159 2691 1278 2784 Quem

142 2825 288 2922 scripsit
307 2823 451 2923 Moyses
470 2825 506 2899 in
526 2826 619 2924 lege,
639 2841 677 2900 et
695 2825 915 2924 Prophetae,
935 2824 1140 2898 invenimus
1155 2823 1277 2898 lesum

143 2951 259 3026 lilium
287 2951 418 3050 loseph
446 2977 467 3026 a
494 2951 688 3026 Nazareth.

253 3073 304 3159 liii
332 3080 380 3154 Et
398 3082 491 3156 dixit
510 3083 542 3155 ei
570 3079 787 3156 Nathanael:
810 3082 841 3152 Α
859 3079 1040 3154 Nazareth
1059 3092 1185 3177 potest
1212 3077 1280 3151 ali-

146 3209 231 3307 quid
259 3209 344 3283 boni
372 3209 484 3284 esse?
504 3210 599 3284 Dicit
626 3211 660 3284 ei
688 3210 888 3307 Philippus:
918 3207 1023 3294 Veni,
1052 3208 1214 3282 atride.

257 3331 307 3410 li
337 3336 435 3412 Vidit
463 3338 564 3412 lesus
591 3337 793 3412 Nathanael
821 3338 1029 3412 venientem
1066 3337 1111 3411 ad
1144 3359 1206 3422 se,
1245 3348 1284 3408 et

149 3465 237 3540 dioit
264 3467 308 3540 de
337 3489 393 3541 eo:
414 3466 508 3542 ane
528 3479 612 3540 vere
633 3466 812 3550 israelita,
832 3467 868 3538 in
889 3490 961 3564 quo
979 3466 1085 3540 dolus
1112 3475 1286 3538 nonest.

259 3588 310 3668 l8
339 3595 434 3668 llicit
450 3597 482 3670 ei
498 3594 721 3668 Nathanaol:
744 3593 844 3667 Vnde
865 3618 923 3669 me
944 3592 1067 3668 nosti?
1087 3576 1291 3690 Respondit

154 3722 269 3808 lesus,
298 3734 336 3795 et
363 3723 457 3796 dixit
492 3723 551 3795 ei:
582 3722 798 3820 Priusquam
832 3733 869 3795 te
896 3720 1087 3821 Philippus
1114 3731 1292 3803 voearet,

157 3875 239 3924 eum
268 3875 369 3925 esses
398 3850 465 3926 sub
494 3851 579 3935 iiou,
607 3851 681 3924 vidi
710 3864 760 3924 te.

265 3973 316 4052 49
345 3979 547 4077 Respondit
574 3979 609 4052 ei
636 3975 850 4067 Nathanaei,
880 3993 918 4053 et
938 3979 1008 4054 ait:
1029 3977 1161 4064 hebbi,
1186 3991 1227 4052 tu
1256 4001 1296 4050 es

161 4106 274 4183 Filius
302 4108 383 4196 ilai,
414 4122 452 4182 tu
482 4126 521 4182 es
550 4107 630 4182 ilex
659 4107 784 4183 lsrael.
