2986 4912
268 326 329 398 ist
600 345 630 395 m
653 345 789 395 rourum
811 344 1061 397 couurnrsmvu

277 448 344 511 que
362 429 515 494 ineffabili
536 436 630 502 mat.
652 428 808 511 Sequitur
827 438 865 496 ut
886 429 1034 496 Christus
1049 433 1089 495 ah
1104 430 1186 496 lsaia
1206 422 1313 516 aeone
1332 424 1414 502 ac'a

279 530 397 599 Ioanne
427 534 515 599 Deus
546 535 675 599 habitus
703 537 767 617 sit;
789 535 891 600 Isaiae
921 537 1006 600 enim
1025 537 1127 603 verba
1154 536 1194 600 de
1215 535 1346 602 Christo
1368 538 1415 601 di·

280 646 332 703 cta
353 657 443 717 esse,
476 655 578 717 quum
609 636 743 701 loannes
774 637 938 717 affirmet,
960 639 1049 717 usias
1070 643 1119 702 est
1138 638 1300 703 dubitare.
1325 638 1415 720 Lege

279 738 412 804 Eusebii
441 736 754 802 Demonstrationem
789 739 1006 820 evangelicam
1037 737 1111 804 Vll.
1148 759 1202 822 pp.
1234 737 1306 807 310.
1324 736 1414 821 3123

283 839 339 903 IX.
363 859 394 922 p.
417 834 487 906 454.

358 983 412 1029 vu·
433 958 484 1030 42.
506 960 556 1030 43.
581 960 695 1026 Altera
726 966 939 1028 conclusionis
970 965 1140 1030 universae
1171 982 1257 1047 pars.
1273 962 1417 1046 —Lege

282 1082 366 1146 quac
387 1063 527 1127 diximus
547 1063 587 1126 de
608 1061 655 1127 lo.
678 1060 746 1142 IX,
767 1060 818 1128 22.
842 1063 959 1128 Sensus
984 1084 1098 1130 versus
1117 1056 1157 1131 lid
1178 1071 1226 1128 est
1245 1065 1305 1130 hos
1325 1065 1417 1128 viros

280 1165 439 1247 principes
460 1164 612 1233 maluisse
635 1165 750 1245 gloria,
768 1183 832 1244 qua
846 1165 931 1229 inter
951 1184 1027 1229 suos
1048 1166 1135 1231 cives
1155 1170 1260 1244 erant,
1276 1184 1344 1229 non
1359 1185 1417 1228 ex-

281 1265 401 1343 cidere,
424 1282 522 1346 quam
535 1265 597 1327 hac
610 1264 792 1346 posthabita
813 1264 915 1345 illam,
932 1285 1017 1347 quae
1029 1264 1100 1345 Deo
1115 1265 1264 1345 debetur,
1281 1284 1414 1330 curare.

360 1365 530 1430 Postremo
551 1364 698 1444 loannes,
721 1386 787 1447 quo
809 1373 879 1431 tum
893 1367 943 1445 iis,
960 1368 1016 1447 qui
1036 1367 1069 1430 in
1089 1365 1197 1432 Iesum
1217 1385 1282 1430 non
1304 1365 1418 1430 crede-

282 1468 380 1545 bant,
403 1473 474 1530 tum
495 1468 574 1548 qui,
596 1468 656 1531 etsi
686 1467 878 1545 crederent,
901 1468 934 1530 id
955 1452 1062 1549 tamen
1092 1467 1238 1550 profiteri
1258 1465 1419 1531 vereban-

280 1574 350 1647 tur,
370 1567 505 1642 suadeat
533 1567 662 1631 saniora
682 1586 815 1649 sapere,
838 1565 958 1632 Christi
980 1567 1080 1632 verba
1101 1587 1154 1633 vv.
1176 1562 1291 1635 lit-50
1320 1567 1419 1647 affert

283 1669 324 1731 ad
337 1669 420 1731 hanc
434 1687 505 1731 rem
518 1670 658 1733 maxime
678 1669 884 1751 pertinentia3
901 1671 1019 1752 quihus
1039 1668 1088 1731 illi
1109 1670 1289 1733 doceantur
1307 1668 1418 1750 primo

284 1770 362 1852 quid
388 1770 590 1834 sitcrcdere
620 1772 653 1833 in
684 1770 850 1836 Christum
870 1790 924 1836 vv.
947 1769 997 1838 dd.
1019 1764 1071 1849 45,
1093 1771 1235 1836 secundo
1256 1789 1419 1859 quorsum

285 1869 433 1936 Christus
455 1871 539 1935 inter
553 1871 697 1935 homines
712 1873 838 1936 venerit
859 1860 1022 1954 quamque
1040 1891 1156 1953 magno
1177 1873 1298 1937 horum
1317 1873 1419 1951 hono,

286 1973 482 2054 tertio‘quid
502 1973 577 2037 honi
598 1973 635 2037 iis
656 1973 820 2056 contingat
838 1975 895 2054 qui
909 1975 941 2036 in
955 1992 1030 2037 eum
1052 1974 1189 2038 credunt
1209 1995 1241 2039 v.
1262 1969 1317 2052 46,
1341 1974 1421 2055 quid

286 2074 423 2154 denique
453 2074 531 2136 mali
561 2081 689 2138 maneat
713 2094 767 2138 eos
789 2074 929 2155 quinon
960 2074 1117 2152 credunt,
1140 2074 1233 2137 cuius
1263 2075 1423 2156 postremi

287 2175 373 2239 ratio
394 2176 518 2253 fusius,
534 2176 618 2241 sicut
639 2176 715 2238 alibi
737 2172 778 2256 (d)
802 2194 820 2238 a
842 2174 970 2240 Christo
991 2175 1114 2239 iactum
1134 2175 1296 2254 vidimus,
1319 2178 1422 2258 expo-

284 2277 386 2355 nitur,
401 2282 516 2358 utpote
531 2274 729 2340 ludaeorum
748 2277 950 2358 pervicaciae
971 2277 1191 2358 retundendas
1206 2277 1424 2359 opportunior

286 2396 340 2440 vv.
360 2373 400 2444 ti
409 2411 424 2422 -
436 2372 486 2444 50.
501 2411 542 2421 -
555 2376 695 2441 Prorsus
715 2378 953 2460 incompertum
967 2384 1016 2442 est
1030 2397 1096 2458 quo
1111 2378 1162 2442 die
1177 2376 1326 2442 Christus
1341 2379 1424 2442 haec

286 2478 445 2559 loquutus
474 2479 537 2557 sit,
559 2479 614 2543 sed
645 2481 742 2543 ctiam
762 2480 863 2543 sitne
883 2480 991 2545 brevis
1022 2478 1133 2562 aliqua
1164 2477 1286 2544 Christi
1315 2479 1424 2543 oratio

288 2580 451 2658 quondam
465 2580 505 2642 ab
519 2580 589 2660 ipso
610 2581 730 2659 hahita,
754 2599 795 2643 an
815 2600 941 2644 summa
962 2599 1078 2644 eorum
1100 2599 1183 2665 quae
1197 2580 1224 2643 is
1239 2580 1361 2643 docere
1375 2560 1425 2643 so'-

287 2679 365 2742 litus
388 2679 460 2743 tuit.
485 2678 572 2744 Illud
593 2686 719 2746 constat
738 2683 819 2745 haec
833 2701 853 2745 a
867 2680 986 2745 Ioanne
1006 2681 1130 2759 afferri,
1153 2698 1217 2745 non
1237 2684 1275 2743 ut
1295 2679 1426 2760 histo'n'7

290 2799 348 2843 cus
368 2782 462 2858 solet,
485 2782 540 2844 scd
562 2789 723 2852 ut'actor.
1169 2790 1172 2795 '
1306 2790 1309 2795 '
1354 2836 1356 2842 .
1417 2788 1420 2792 ’

368 2901 422 2946 vv.
444 2876 494 2949 dd.
515 2880 565 2949 45.
589 2881 772 2965 Propositio
792 2884 952 2966 principii,
969 2903 1011 2946 cx
1025 2902 1091 2964 quo
1112 2881 1161 2944 illi
1180 2880 1307 2945 discant
1326 2899 1426 2963 quam

290 2982 380 3062 gravi
391 3001 505 3046 errore
516 2984 643 3064 abrepti
655 2985 727 3046 sint.
745 2982 873 3047 Horum
883 3003 1041 3049 versuum
1054 2982 1357 3065 interpretationem
1371 2982 1427 3044 illa

294 3089 473 3164 suggerunt
492 3103 577 3164 quae
597 3085 724 3148 suntin
744 3083 791 3148 Io.
815 3083 907 3161 VIH,
928 3083 980 3166 193
1002 3083 1044 3162 X,
1065 3080 1117 3162 30,
1134 3101 1284 3164 quaeque
1306 3083 1347 3146 de
1366 3083 1429 3145 illis

293 3182 444 3246 diximus.
459 3181 582 3248 Versus
602 3181 641 3251 45
661 3203 719 3248 uos
740 3185 835 3249 docet
855 3185 1020 3267 quomodo
1035 3203 1168 3250 versum
1188 3180 1228 3249 td
1247 3183 1431 3265 intelligere

293 3287 452 3364 oporteat.
474 3283 603 3348 Etenim
623 3286 720 3363 ratio,
735 3303 809 3363 cur,
829 3286 886 3365 qui
906 3285 994 3349 videt
1014 3283 1193 3362 Christum,
1206 3282 1315 3348 videat
1331 3282 1431 3364 illum

295 3383 352 3464 qui
372 3384 478 3464 ipsum
499 3386 597 3463 misit,
625 3387 688 3449 alia
710 3392 799 3449 certe
820 3404 884 3448 uon
905 3391 953 3449 θεῖ
973 3386 1033 3448 nisi
1055 3385 1131 3466 quia
1153 3382 1302 3449 Christus
1323 3391 1359 3448 et
1379 3403 1433 3467 pa·

295 3490 357 3561 ter,
381 3485 438 3565 qui
458 3504 534 3548 eum
555 3487 652 3564 misit,
674 3505 777 3549 unum
798 3492 882 3550 sunt.
905 3485 1029 3550 Eadem
1050 3485 1150 3567 igitur
1171 3486 1252 3548 haec
1277 3485 1365 3548 ratio
1387 3490 1434 3551 est

297 3604 381 3663 cur,
404 3587 461 3668 qui
491 3588 596 3650 credit
616 3588 648 3649 in
671 3585 858 3666 Christum,
882 3588 994 3651 credat
1013 3587 1046 3649 in
1065 3586 1160 3649 illum
1187 3586 1245 3667 qui
1266 3583 1434 3650 Christum

297 3687 394 3750 misit.
419 3686 530 3764 Quare
550 3689 631 3751 haec
652 3687 772 3754 Christi
793 3690 905 3768 verba,
926 3687 981 3771 qui
1001 3686 1099 3750 credit
1118 3686 1155 3749 ic
1175 3705 1234 3761 mc,
1256 3704 1323 3749 coc
1336 3686 1434 3750 credit

298 3785 334 3850 in
354 3806 413 3862 mc,
433 3790 487 3851 sed
506 3789 543 3851 ic
563 3809 633 3852 eum
652 3789 708 3871 qui
727 3789 814 3854 misit
827 3811 887 3866 me,
901 3810 966 3855 nou
979 3809 1072 3855 secus
1094 3789 1284 3871 explicanda
1305 3795 1386 3854 sunt
1398 3808 1435 3852 ac

300 3879 369 3966 illa,
384 3886 458 3954 Mea
475 3889 625 3954 doctrice
639 3910 704 3954 aaa
717 3901 761 3956 est
780 3912 860 3968 mec,
875 3893 928 3956 scd
940 3889 1006 3956 cius
1026 3889 1082 3975 qui
1101 3889 1188 3954 misit
1200 3910 1246 3954 mc
1261 3887 1318 3970 (2);
1333 3890 1437 3973 quod-

370 4051 578 4125 mmffiw

371 4137 409 4210 (a)
425 4139 464 4192 u.
483 4137 545 4212 vir,
563 4139 606 4195 sc.
