2986 4912
571 316 911 372 clrvrovonncmvu
979 328 982 335 ·
1259 303 1320 377 151

180 405 315 492 quidem
335 405 474 472 caeleste
494 407 557 470 hoc
575 408 798 470 testimonium
819 408 931 471 datum
951 426 1031 486 csse,
1048 408 1153 490 deque
1173 409 1242 490 ipso
1262 417 1319 490 pa·

181 516 266 575 trem
286 529 354 574 esse
373 509 571 590 loquutum,
593 525 657 571 non
678 514 785 571 tamen
816 509 896 572 adeo
917 509 1030 589 ipsius,
1056 516 1095 573 ut
1116 507 1317 574 Iudaeorum

180 615 346 693 respectu,
369 629 436 691 qno
457 610 491 671 hi
511 609 639 673 tandem
659 609 692 671 in
711 608 817 690 ipsum
840 610 1021 673 crederent.

261 730 315 776 vv.
337 708 456 776 31³3&
480 708 577 774 Iuvat
607 710 866 774 animadvertere
898 708 1063 774 Christum
1094 712 1138 794 in,
1158 719 1227 777 toto
1256 714 1319 777 hoo

181 831 343 890 sermone,
367 830 465 892 quem
486 813 710 891 explanamus,
734 811 778 874 ita
799 811 976 890 loquutum
996 831 1078 891 esse,
1093 814 1202 893 utqui
1216 815 1318 895 probe

180 919 289 976 nosset
309 913 472 991 simulque
493 911 627 974 sentiret
647 911 731 973 diem
751 911 811 973 sibi
832 928 1022 991 supremum
1047 911 1225 975 imminere.
1254 911 1319 976 Ita·

178 1034 257 1095 qne,
274 1014 384 1077 statIm
404 1032 443 1076 ae
462 1013 665 1094 impertitum
689 1012 749 1091 ipsi
765 1030 784 1074 a
798 1018 891 1094 patre
908 1012 1126 1075 testimonium
1140 1018 1200 1090 est,
1216 1032 1318 1092 quor·
1402 1041 1404 1045 ·

179 1132 255 1177 sum
276 1116 339 1177 hoc
360 1114 548 1195 pertineret,
572 1130 675 1192 quum
696 1112 904 1189 declarasset,
927 1111 1095 1175 denuntiat
1114 1112 1234 1175 instare
1251 1114 1317 1176 iam

182 1221 311 1298 tempus
332 1222 370 1278 ut
390 1215 435 1292 id,
451 1215 492 1277 ad
507 1215 595 1294 quod
611 1214 683 1295 ,ipse
704 1221 851 1292 venerat,
869 1214 996 1277 tandem
1010 1214 1078 1293 fiat,
1094 1214 1316 1295 iudiciumque

176 1317 264 1380 inter
283 1317 390 1398 ipsum
410 1335 449 1378 ac
469 1315 582 1378 mundi
601 1316 779 1396 principem
801 1315 1041 1395 quodammodo
1068 1317 1314 1394 committatur,

151 1493 152 1497 Ἰ
179 1421 251 1484 utri
270 1420 410 1482 mundus
430 1418 626 1482 addicendus
637 1437 649 1496 3
682 1416 752 1481 lore
784 1425 893 1481 autem
925 1423 964 1480 nt
993 1417 1061 1498 ipse
1092 1423 1199 1480 morte
1229 1418 1317 1481 obita

175 1515 404 1587 aduersarium
424 1514 465 1576 de
486 1513 676 1596 tyrannide,
711 1528 809 1593 qnam
839 1513 880 1574 ad
901 1512 933 1574 id
954 1531 1059 1592 usque
1081 1513 1113 1574 in
1135 1530 1235 1592 genus
1256 1515 1317 1576 hu·

174 1635 309 1680 manum
330 1621 525 1680 exercuerat
545 1633 677 1695 quaque
697 1614 729 1675 id
750 1620 931 1695 presserat,
955 1614 1147 1691 deturbans,
1170 1619 1204 1676 et
1224 1632 1317 1694 capo·

173 1717 263 1781 lions
278 1715 483 1798 principatus
503 1723 533 1777 et
546 1723 726 1796 potestates,
742 1733 780 1778 ac
788 1715 900 1796 polam
916 1712 1120 1796 triumphans
1132 1713 1206 1777 illos
1220 1714 1257 1776 in
1271 1735 1316 1777 ce-

174 1816 382 1900 metipso(1)‚
398 1817 505 1880 omnia
525 1817 585 1879 sibi
605 1815 764 1879 subiiciat.
777 1814 935 1879 ——Verba
960 1814 1054 1881 Nono
1072 1814 1241 1878 -iudiciom
1271 1825 1316 1879 est

173 1920 290 1984 mandi
309 1940 375 1983 non
394 1920 572 2000 significant
592 1918 750 1981 mundum
770 1918 874 1981 veluti
894 1937 989 1981 reum
1009 1919 1130 1982 iudicio
1151 1938 1315 1983 arcessen-

177 2021 269 2100 dum,
292 2022 360 2100 sed,
383 2022 467 2084 sicut
488 2020 716 2101 explicuimus,
732 2019 890 2082 iudicium
911 2019 1095 2082 laciendum
1114 2038 1182 2100 quo
1202 2021 1316 2084 mundi

175 2123 372 2200 dominatus,
393 2121 565 2202 ademptus
586 2119 728 2195 diabolo,
745 2115 875 2182 Christo
890 2118 1072 2197 addicatur,
1087 2118 1218 2200 iamque
1233 2126 1315 2184 tem-

175 2244 238 2306 pus
258 2225 369 2287 adesse
391 2241 457 2304 qno
477 2223 559 2285 haee
580 2222 667 2285 fiant.
692 2217 901 2300 Benignitatis
932 2226 966 2285 et
995 2221 1218 2302 providentiae
1240 2220 1315 2288 Iesu

174 2332 266 2390 certe
285 2331 358 2390 erat
370 2308 411 2387 id'
420 2322 547 2388 Iudaeis
562 2323 752 2385 denuntiare
766 2322 875 2387 statim
889 2340 927 2385 ac
941 2320 1203 2409 Hierosolymam
1217 2324 1315 2388 adve-

174 2433 280 2491 nerat.
296 2459 337 2473 -
350 2425 517 2489 Particula
538 2421 594 2496 ἐὰν
617 2421 646 2486 si
666 2424 751 2486 idem
771 2424 824 2486 hie
845 2425 933 2488 valet
953 2445 991 2490 ae
1013 2421 1090 2498 ὅταν
1115 2426 1252 2507 quando.
1275 2460 1316 2485 -,

175 2530 325 2596 Christus
345 2531 410 2593 iam
430 2531 523 2608 alias,
539 2531 572 2592 in
591 2527 640 2592 Io.
664 2528 725 2609 ΙΙΙ,
746 2526 798 2614 tl;
814 2528 905 2608 VIII,
921 2529 972 2610 28,
989 2533 1128 2598 verbum
1142 2522 1311 2620 ὑψωθηναι

176 2628 317 2695 exaltari
337 2637 557 2714 usurpaverat
576 2631 616 2694 ad
637 2633 772 2711 mortis,
795 2652 894 2713 quam
914 2633 1065 2696 obiturus
1086 2641 1181 2714 erat,
1215 2655 1315 2717 genus

168 2732 421 2814 ‚designandum3
443 2733 541 2813 idque
572 2733 679 2814 ipsum
709 2734 772 2797 hoc
801 2734 835 2795 in
864 2734 939 2798 loeo
969 2734 1142 2816 significari
1178 2735 1314 2803 Ioannes

173 2829 333 2898 certIores
353 2829 411 2898 nos
434 2834 522 2918 lacit,
535 2835 649 2915 itaque
670 2835 753 2897 illud
774 2836 911 2899 verbum
933 2833 1045 2900 Iudaei
1065 2836 1309 2903 intellexerunt.

257 2954 288 2999 r.
310 2929 361 2999 34.
379 2932 554 2998 Antithesis
569 2937 747 2999 verborum
761 2933 901 2997 exaltari
914 2941 947 2997 et
960 2953 1087 2998 manere
1100 2936 1136 2998 in
1151 2947 1313 3003 aeternum

166 3035 316 3099 ostendit
335 3034 473 3099 Iudaeos
493 3035 691 3099 intellexisse
711 3037 812 3100 verbo
834 3034 974 3098 exaltari
994 3056 1070 3100 eum
1088 3056 1218 3104 sensum
1239 3041 1315 3104 sub-

175 3156 246 3201 esse
267 3155 366 3217 quem
386 3137 538 3200 diximus.
556 3136 627 3201 Hoc
647 3138 717 3219 ipso
731 3143 853 3215 autem,
875 3136 963 3217 quod
984 3135 1097 3202 Iudaei
1117 3141 1201 3203 hano
1221 3144 1314 3206 verbi

175 3237 434 3300 Immutationem
453 3236 562 3300 statim
582 3238 823 3315 intellexerint,
857 3238 1046 3301 conficimus
1067 3239 1221 3303 usitatam
1242 3244 1314 3304 eam

174 3337 289 3415 luisse,
303 3338 489 3419 ,solitosque
508 3339 583 3403 illos
606 3340 712 3404 dicere
734 3338 873 3422 exaltari
892 3360 914 3401 a
927 3349 1012 3403 terra
1026 3359 1087 3421 pro
1107 3342 1179 3403 tolli
1192 3341 1228 3406 io
1243 3363 1316 3406 rru-

174 3437 411 3514 cem‚-Quae
432 3438 523 3504 Iesus
543 3446 707 3521 postremo
728 3442 924 3523 protulerat,
947 3442 1028 3505 haec
1047 3448 1134 3506 sunt:
1150 3443 1193 3507 Et
1213 3444 1316 3525 epesi

172 3539 335 3602 exaltatus
347 3542 446 3620 ,suero
465 3561 486 3602 a
506 3548 591 3603 terra
610 3539 718 3603 omnia
739 3543 863 3606 troiam
883 3543 925 3605 ed
953 3561 1007 3604 mc.
1031 3541 1157 3623 ipsum,
1188 3563 1249 3608 neo
1279 3565 1314 3610 se

173 3637 277 3719 filiam
296 3638 433 3703 dominio
453 3641 688 3723 appellaverat3
711 3661 810 3721 qnam
830 3644 962 3724 quidem
982 3643 1233 3724 appellationem
1253 3645 1314 3708 sibi

174 3740 299 3803 iecerat
318 3742 388 3823 ipso
409 3742 508 3805 huius
527 3743 683 3807 sermonis
704 3743 794 3806 initio
815 3763 847 3808 v.
868 3743 930 3821 93,
953 3744 1008 3808 sed
1029 3745 1075 3808 ita
1097 3744 1243 3824 iecerat,
1275 3754 1314 3811 ut

174 3859 241 3903 non
261 3842 432 3906 manifesto
452 3849 626 3924 appareret
648 3843 730 3921 sibi,
769 3844 931 3922 nonulli,
972 3863 1044 3907 eam
1076 3844 1195 3908 lacere.
1229 3845 1313 3910 HIne

175 3939 376 4006 Iudaeorum
397 3943 577 4023 dubitatIo,
611 3963 783 4026 quemnam
803 3946 861 4008 illo
882 3946 1049 4027 designare
1070 3947 1180 4012 vellet.
1208 3945 1315 4013 (lonii-

156 4167 159 4174 ’
244 4175 284 4246 (Ι)
301 4174 358 4234 Col.
371 4177 462 4242 II,l5.
567 4201 571 4210 ·
