2986 4912
302 313 363 381 114
620 331 650 378 m
672 329 809 377 1011111111
831 327 1079 377 esssesmmm

296 419 428 494 dierit:
457 441 524 516 ego
552 440 622 491 non
650 417 769 493 iudico
795 441 893 492 eum.
927 418 1122 491 nonenim
1151 416 1233 490 veni
1262 428 1304 490 ut
1340 417 1434 492 iudi-

300 570 382 623 cem
409 548 597 633 mundum,
626 548 697 621 sed·
716 559 758 622 ut
785 545 984 621 salvificem
1011 546 1199 619 mundum.
1352 620 1356 635 ,

408 668 459 747 18
486 672 555 763 Qui
583 674 721 772 spernit
748 695 822 760 me,
850 686 888 747 et
915 695 987 747 non
1019 671 1151 770 accipit
1178 672 1289 746 verba
1323 695 1432 748 mea:

303 801 414 876 habet
441 803 501 901 qui
529 802 663 876 iudicet
691 825 790 878 eum.
821 824 969 888 sermo,
997 823 1106 898 quem
1133 799 1277 876 locutus
1324 825 1434 889 sum,

302 928 363 1003 ille
390 923 564 1004 iudicabit
590 952 675 1003 eum
703 929 739 1002 in
767 927 966 1001 novissimo
995 927 1067 1001 die.

290 1123 294 1132 .
408 1050 458 1130 [19
487 1054 577 1147 Quia
605 1080 672 1154 ego
700 1079 746 1129 ex
776 1078 835 1130 me
864 1058 943 1154 ipso
971 1077 1044 1128 non
1072 1078 1154 1128 sum
1180 1055 1340 1140 loeutus,
1371 1056 1436 1131 sed

301 1186 364 1282 qui
392 1185 492 1259 misit
518 1209 576 1258 me
604 1184 728 1271 Pater,
755 1183 834 1281 ipse
862 1183 951 1256 mihi
979 1183 1191 1257 mandatum
1219 1183 1319 1258 dedit
1346 1184 1435 1282 quid

302 1314 436 1399 dicam,
463 1325 501 1388 et
528 1313 613 1411 quid
641 1311 782 1411 loquar.

408 1436 460 1516 50
487 1440 536 1514 Et
563 1442 636 1515 seio
664 1441 748 1537 quia
777 1441 988 1514 mandatum
1006 1440 1084 1513 eius
1104 1439 1176 1514 vita
1193 1452 1341 1514 aeterna
1361 1453 1434 1515 est.

304 1568 405 1659 Quae
433 1593 518 1667 ergo
546 1593 612 1666 ego
640 1567 780 1665 loquor,
809 1569 902 1643 sieut
929 1567 1021 1642 dixit
1050 1568 1137 1640 mihi
1165 1566 1286 1653 Pater,
1307 1567 1361 1642 sie
1387 1567 1439 1641 lo·

303 1719 407 1793 quor.

808 1946 931 1959 —

745 2151 996 2204 COMMENTARWM

307 2446 337 2487 v.
361 2422 391 2488 1.
413 2366 632 2488 Perventum
655 2431 703 2488 est
716 2424 756 2487 ad
772 2424 891 2489 Christi
904 2434 1083 2506 postremos
1098 2425 1164 2488 dies
1179 2425 1275 2488 ritae.
1294 2421 1326 2487 Is
1340 2423 1440 2489 Beth·

307 2528 412 2588 aniam
434 2527 522 2589 venit
542 2527 593 2589 die
613 2524 654 2589 12
673 2527 790 2590 mensis
812 2528 943 2604 martii,
976 2527 1111 2608 septimo
1133 2525 1375 2603 hebdomadae,
1408 2531 1443 2588 ut

307 2645 365 2690 nos
387 2626 453 2688 dies
474 2644 696 2702 numeramus,
712 2633 751 2688 ut
771 2645 851 2691 vero
873 2625 997 2704 Iudaei,
1014 2629 1141 2708 incepto
1157 2626 1220 2687 iam
1236 2625 1287 2687 die
1301 2621 1344 2691 10
1357 2644 1443 2688 men·

305 2729 348 2790 sis
368 2727 497 2804 niminis,
520 2727 626 2808 primo
648 2727 881 2808 hebdomadem
905 2729 937 2790 hi
959 2730 1043 2791 enim
1064 2729 1176 2790 diebus
1198 2727 1326 2788 initium
1347 2726 1442 2789 faeie-

306 2829 383 2891 bent
402 2828 472 2889 sele
492 2827 670 2906 occidente3
693 2829 755 2890 hec
776 2835 835 2905 est,
859 2848 918 2891 sex
932 2830 1021 2892 horis
1038 2828 1243 2911 temporariis
1257 2833 1332 2890 ante
1346 2837 1442 2907 quem

306 2929 366 3008 ipsi
396 2928 543 2992 iacimus.
569 2925 617 2990 lta
639 2928 818 3008 intelligere
840 2936 969 3010 eportet
993 2931 1093 2994 verba
1114 2952 1173 3030 προ
1192 2923 1226 3010 ἐξ
1242 2922 1373 3027 ἡμερων
1390 2949 1441 2996 του

309 3049 424 3120 πασχα
444 3037 516 3090 aete
537 3047 591 3089 sere
611 3025 676 3089 dies
685 3028 831 3106 paschae.
849 3027 934 3111 Lege
948 3030 1017 3094 Lib.
1033 3031 1092 3095 111.
1110 3034 1149 3096 de
1163 3031 1349 3112 Evangeliis
1360 3030 1441 3097 Diss.

308 3130 422 3194 XLIX.

355 3262 357 3266 v
389 3253 421 3298 v.
437 3231 468 3297 3.
485 3233 648 3314 Interpres
662 3233 783 3295 latinus
798 3235 926 3298 easdem
943 3257 1074 3319 graecas
1092 3256 1188 3302 voces
1203 3257 1308 3332 μυρου
1322 3231 1443 3334 veredos

313 3353 465 3411 πιστικης
479 3336 511 3396 in
525 3330 692 3410 evangelio
714 3327 819 3393 Marci
834 3330 875 3411 (1)
898 3339 996 3401 vertit
1015 3338 1170 3419 unquenti
1190 3336 1287 3401 nardi
1308 3338 1446 3420 spicati,

309 3439 343 3498 in
362 3439 424 3500 hoe
445 3442 555 3498 autem
575 3433 663 3506 loeo,
685 3434 814 3492 servate
836 3432 903 3513 ipsa
925 3455 1040 3517 graeca
1060 3459 1153 3517 voce,
1176 3437 1332 3520 unquenti
1352 3435 1448 3503 nardi

305 3536 426 3617 pistici.
451 3535 614 3600 Graecum
634 3551 784 3608 πιστικος
803 3531 983 3612 significare
1005 3546 1184 3620 utrumque
1204 3545 1327 3620 potest,
1351 3540 1447 3619 fidum

308 3645 342 3699 et
356 3633 536 3716 potabilem.
560 3634 791 3698 Animadverte
811 3634 844 3696 in
865 3653 982 3714 graeco
1003 3638 1183 3720 exemplari
1203 3659 1370 3718 πιστικηςν
1382 3657 1447 3701 esse

309 3734 494 3816 appositum
513 3735 648 3798 neminis
668 3727 801 3834 ναρδου,
816 3732 849 3795 in
869 3735 976 3800 latinis
996 3739 1133 3804 nominis
1147 3740 1315 3824 reuertenti,
1332 3759 1447 3806 nomen

308 3832 395 3894 enim
415 3835 534 3895 nardus
557 3853 673 3914 genere
695 3843 743 3900 est
765 3835 926 3899 feminino.
950 3835 1038 3901 Illud
1061 3839 1093 3900 in
1113 3840 1176 3904 hoe
1204 3841 1279 3904 loco
1301 3841 1357 3907 vel
1386 3836 1447 3902 eie·

309 3951 414 3995 cerum
434 3934 488 3997 vel
509 3933 761 4018 colliquesaetem
780 3937 945 4019 significat.

383 4119 419 4190 (1)
437 4123 518 4177 Mare.
538 4124 615 4195 XIV,
635 4125 659 4177 3.
