2986 4912
73 358 225 447 Christi
266 367 390 470 atque
427 356 605 443 aliorum
640 381 859 443 sermones
889 356 947 444 ita
975 357 1128 458 retulit,
1157 272 1204 445 ul

73 495 213 582 babiti·
230 505 344 595 sunt;
375 495 420 579 id
451 493 563 606 quod
594 494 839 606 perspicere
871 523 1098 608 operosum
1117 523 1204 581 non

74 641 137 719 est
169 631 221 719 iis
252 631 323 743 qui
353 640 509 718 attente
540 637 582 716 et
612 630 878 717 considerate
908 630 1020 717 hunc
1049 630 1205 716 librum

68 767 303 884 perlegunt.
335 766 384 852 ld
414 769 552 878 ipsum
582 794 699 866 vero,
731 767 810 877 etsi
837 766 996 868 loanni,
1023 775 1069 854 ut
1101 766 1205 852 dixi-

69 933 177 1003 mus,
207 900 323 990 laudi
352 902 608 995 vertendum
629 904 684 988 sit
703 931 757 989 ex
778 929 831 989 ea
849 912 970 1014 parte
1000 911 1205 1015 quatenus

33 1117 35 1119 ,
68 1041 194 1128 huius
222 1039 352 1127 fidem
382 1040 641 1151 comprobat,
672 1067 758 1125 non
784 1048 926 1126 tamen
945 1048 1084 1153 potest
1104 1039 1205 1152 quin

70 1205 232 1278 eorum,
270 1204 378 1289 quae
413 1178 471 1262 ita
499 1174 752 1276 referuntur,
784 1175 1103 1290 intelligentiam
1132 1177 1206 1261 im·

70 1313 324 1426 peditiorem
346 1313 506 1400 efficiat
530 1311 810 1425 Quapropter,
835 1321 879 1400 ut
902 1312 958 1398 ad
988 1339 1084 1399 eam
1111 1339 1206 1398 rem

74 1450 345 1563 cumprimis
380 1478 431 1536 ac
460 1449 610 1538 sedulo
646 1450 833 1537 animum
867 1450 1104 1552 advertant,
1135 1451 1206 1563 qui

72 1587 153 1672 boc
184 1586 451 1701 evangelium
479 1588 647 1700 penitus
667 1586 904 1702 intelligere
925 1595 1066 1687 avent,
1097 1615 1207 1673 sum·

71 1750 247 1836 mopere
288 1723 525 1809 curandum
566 1733 639 1812 est

189 1857 309 1969 Quae
344 1887 473 1972 quum
507 1860 565 1947 ita
599 1861 693 1961 sint,
726 1859 963 1973 perlectum
990 1861 1077 1946 iam
1112 1886 1207 1948 esse

74 1995 267 2084 existimo
289 1996 392 2097 eiuS,
414 1995 486 2108 qui
511 1995 679 2082 loannis
710 1996 978 2114 evangelium
1008 2023 1207 2082 enarran-

74 2132 177 2218 dum
196 2132 332 2233 sumit,
353 2131 592 2245 potissimas
607 2162 731 2221 curas
749 2135 1110 2248 praecipuumque
1127 2141 1208 2221 stu-

75 2267 193 2354 dimn
221 2269 266 2355 in
294 2269 341 2354 id
369 2268 559 2382 impendi
584 2279 783 2384 oportere
812 2281 859 2359 ut
887 2271 1044 2359 Christi
1071 2270 1208 2365 verba

75 2405 122 2493 in
139 2404 244 2492 illud
262 2405 407 2506 relata,
438 2406 625 2520 depulsis
653 2408 705 2496 iis
733 2409 854 2521 quasi
872 2407 1038 2496 nebulis
1058 2407 1211 2521 quibus

77 2569 131 2629 ea
145 2541 457 2655 quodammodo
472 2544 789 2647 obumbrantur,
800 2574 927 2657 quam
946 2545 1040 2632 fieri
1058 2553 1211 2659 potest,

76 2677 278 2781 clareant,
301 2679 550 2792 divinosque
571 2707 720 2769 sensus
748 2681 814 2768 his
834 2682 978 2774 verbis
999 2681 1212 2769 subiectos

77 2813 165 2910 levi
202 2816 350 2904 labore
390 2846 676 2929 assequamur.
713 2819 800 2906 llas
834 2828 976 2932 partes
1012 2819 1211 2931 equidem

78 2953 184 3038 mihi
211 2954 355 3071 selegi,
375 2954 503 3068 idque
526 2958 779 3068 praesertim
797 2957 878 3043 hoc
899 2955 1211 3044 Commentario

80 3089 252 3176 edendo
271 3092 428 3204 recepi,
449 3100 506 3194 ut,
527 3092 711 3204 inquam,
733 3122 841 3206 quae
862 3122 887 3180 a
906 3092 1074 3180 Christo
1101 3091 1212 3179 dicta

80 3226 262 3314 loannes
297 3229 465 3340 scriptis
505 3228 743 3329 mandavit,
781 3230 863 3316 illis
904 3229 1212 3317 difficultatibus

79 3364 322 3452 liberarem.
344 3364 497 3453 Cetera
519 3393 639 3474 uero,
660 3377 886 3478 quaesunt
908 3368 953 3453 in
981 3368 1063 3453 hoc
1085 3395 1212 3460 evan·

81 3502 216 3622 gelio,
250 3503 326 3596 vix
358 3502 461 3586 mihi
496 3500 740 3615 attingenda
780 3529 874 3598 esse
910 3503 1033 3620 duxi,
1074 3529 1212 3613 neque

83 3636 262 3750 amplius
291 3665 419 3750 quam
458 3662 564 3748 opus
594 3644 707 3723 esset
735 3646 781 3724 ut
808 3666 864 3724 ne
891 3636 1099 3724 lectorem
1127 3662 1213 3722 non

83 3773 296 3862 intellecta
324 3779 664 3872 remorarentnr3
686 3773 869 3860 maxime
891 3772 1005 3884 quod
1024 3772 1106 3873 illa,
1128 3771 1214 3884 ple-

84 3936 217 4022 raque
237 3919 368 4011 certe,
387 3909 433 3994 in
451 3907 588 3994 tribus
607 3906 727 4016 libris
749 3909 804 3995 de
823 3909 1074 4026 Evangeliis,
1085 3937 1215 4020 qnan-

84 4056 173 4136 tum
203 4048 304 4138 satis
334 4058 409 4149 est,
440 4046 719 4157 exposuerim.
752 4045 868 4157 Quos
891 4047 1024 4136 libros
1045 4046 1217 4160 expedit
