2986 4912
167 295 206 365 71
512 316 541 364 u
564 313 701 364 nonnunu
722 316 968 366 conusurlruvu

255 420 284 463 0.
308 398 357 464 28.
379 398 489 463 ludaei
511 401 612 480 probo
634 401 861 464 intellexerant
885 400 1048 465 Christum
1072 421 1135 466 non
1160 404 1201 470 de
1232 424 1301 470 esca

176 502 286 581 aliqua
307 502 490 579 quaerenda
514 503 690 581 loquutum
711 521 792 582 esso;
814 522 919 584 neque
939 504 1024 566 enim
1044 505 1089 567 ita
1109 524 1185 569 eum
1207 507 1303 571 inter·

176 606 388 682 rogaverunt:
418 599 502 675 00101
526 600 676 681 sociemus
702 609 738 662 01
762 620 921 681 operemur
944 604 1027 666 10000
1051 601 1183 668 cilum?

255 721 286 764 0.
308 700 358 767 29.
381 699 477 765 Vides
498 707 536 765 ut
561 703 670 780 cibus,
694 722 790 781 quom
816 703 964 768 Christus
989 724 1147 784 quaerere
1166 704 1305 771 Iudaeos

178 805 320 882 iubebat,
335 823 400 866 non
420 805 508 867 aliud
530 804 572 867 sit
591 824 689 884 quam
704 805 792 868 tides.
816 805 885 869 Hac
899 808 1103 888 responsione
1123 809 1224 872 isnos
1238 827 1305 872 000·

177 907 275 968 110000
292 906 368 968 lacit
382 907 482 986 probe
494 925 512 967 a
524 904 651 969 ludaeis
666 907 765 986 ipsius
779 908 879 970 verba
894 908 991 970 luisse
1006 909 1178 972 intellecta.
1196 907 1304 972 Anim-

176 1008 308 1071 adverte
335 1014 373 1070 01
406 1006 553 1071 Christus
578 1027 647 1070 sese
672 1015 831 1089 proponat
859 1014 1023 1089 tamquam
1042 1010 1115 1090 fidei
1135 1009 1302 1087 0010010005

179 1108 224 1170 010
245 1110 342 1171 ctiam
366 1108 450 1170 inlra
472 1128 502 1172 0.
525 1103 575 1174 dt).

254 1228 307 1273 00.
330 1203 380 1274 30.
403 1207 453 1273 31.
477 1208 740 1290 Interrogationis
762 1230 864 1274 nexus
880 1231 954 1276 cum
968 1213 1190 1293 superioribus
1213 1213 1305 1279 Chri·

175 1311 215 1373 sti
242 1311 348 1373 verbis
370 1311 556 1374 manifestus
580 1318 638 1375 est.
651 1311 823 1376 —Versus
846 1310 885 1377 31
910 1333 1020 1377 sensus
1046 1320 1111 1378 est:
1138 1313 1171 1378 Si
1198 1314 1304 1400 Moysi

177 1414 382 1490 credidimus,
406 1416 489 1478 ratio
515 1416 577 1478 luit
598 1417 674 1495 quia
694 1435 809 1478 manna
832 1417 870 1478 dc
892 1418 982 1480 caelo
1003 1418 1093 1480 nobis
1114 1415 1304 1499 depromens

175 1514 272 1576 fidem
296 1516 386 1577 dictis
407 1516 473 1578 suis
498 1516 583 1579 fecit.
610 1516 778 1598 Occupant
797 1536 897 1597 porro
921 1538 1139 1599 0000000000,-
1153 1521 1304 1583 hesterno

178 1615 229 1677 die
255 1616 393 1695 signum,
419 1617 506 1695 quod
533 1618 695 1697 petebant,
721 1619 901 1680 exhibitum
929 1619 1038 1696 luisse,
1064 1619 1216 1699 idemque
1245 1621 1304 1683 hoc

176 1717 302 1796 signum
326 1717 468 1797 oblique·
485 1723 633 1798 carpunt,
663 1724 827 1798 tamquam
846 1720 918 1783 1000
943 1720 1032 1799 quid,
1053 1720 1079 1782 si
1100 1738 1176 1783 cum
1189 1739 1304 1783 manna

115 1872 120 1884 .
179 1823 397 1898 comparetur.
425 1816 544 1881 Merito
571 1838 648 1899 ergo
674 1817 820 1883 Christus
842 1820 916 1900 ipsis
937 1821 1194 1900 exprobraverat
1214 1841 1247 1884 0.
1268 1819 1305 1884 26

179 1919 266 1997 quod
294 1919 421 1998 signum
445 1920 484 1980 ab
512 1920 581 2000 ipso
606 1925 771 2000 patratum
794 1921 886 1981 nihili
911 1920 1063 1983 lacerent.

238 2040 286 2104 r.
312 2017 362 2083 32.
393 2019 464 2084 Hoc
489 2018 607 2084 Christi
631 2039 821 2100 responsum
846 2020 1015 2083 confirmat
1038 2019 1237 2083 Iudaeorum
1262 2022 1303 2082 iu·

177 2121 412 2202 terrogantium
440 2138 569 2184 sonsum
594 2141 668 2185 eum
698 2122 796 2186 luisse
824 2141 920 2202 quem
949 2123 1097 2184 diximus.
1133 2118 1246 2196 Quum
1275 2124 1301 2183 iu

178 2225 328 2286 cumdem
341 2225 428 2286 huuc
449 2242 578 2285 sensum
599 2223 746 2287 Christus
768 2225 968 2304 respondisse
989 2222 1165 2286 censendus
1184 2223 1239 2300 011,
1260 2243 1302 2286 se

178 2328 290 2405 quitur
314 2333 352 2388 ut
365 2327 471 2390 verbis
492 2325 589 2389 Pater
612 2345 696 2387 moos
720 2328 775 2388 dot
795 2325 879 2387 nodis
892 2345 1009 2407 ponem
1029 2327 1065 2386 de
1092 2324 1178 2386 00010
1200 2343 1301 2387 veron

177 2433 356 2507 utrumque
383 2428 621 2507 significaverit,
638 2435 669 2490 01
686 2430 811 2509 signum
838 2429 975 2509 petitum
990 2428 1071 2504 dari,
1088 2433 1120 2489 ct
1143 2427 1302 2506 quodnam

179 2531 242 2591 hoc
266 2536 359 2592 esset.
373 2563 412 2574 -
428 2528 555 2602 11000003
577 2548 650 2591 nam
670 2548 785 2592 manna
805 2549 868 2590 non
890 2529 952 2591 luit
966 2527 1065 2609 ponis
1089 2529 1124 2588 do
1147 2528 1236 2590 coelo
1249 2529 1304 2590 uisi

180 2632 211 2692 in
232 2633 384 2711 speciem3
406 2649 471 2711 quo
496 2628 608 2693 ludaei
632 2634 845 2696 revincuntur
869 2632 937 2711 qui,
963 2648 1078 2693 manna
1098 2635 1305 2711 opponentes,

179 2730 477 2812 siguumaChristo
498 2740 663 2812 patratum
684 2735 778 2796 tacite
800 2734 979 2796 elevabant.
997 2730 1115 2795 Confer
1136 2751 1166 2795 0.
1182 2727 1235 2797 lt).
1258 2729 1304 2796 59.

260 2854 291 2898 0.
314 2831 363 2896 33.
380 2831 511 2896 Summa
526 2835 706 2914 argumenti
721 2837 818 2898 totius
839 2835 1005 2915 sermonis3
1024 2834 1129 2914 ipsum
1143 2830 1308 2897 Christum

181 2953 249 2996 csse
268 2952 385 3012 paoem
408 2936 503 2998 illum
527 2937 562 2995 do
586 2938 669 2998 00010
693 2956 818 3010 oerum,
846 2956 864 2998 a
888 2934 956 2998 Deo
978 2936 1159 3016 praebitum
1180 2953 1242 3015 pro
1270 2936 1308 2998 si·

183 3053 243 3113 gno
268 3035 357 3114 quod
384 3033 495 3098 ludaei
519 3038 746 3116 postulabant3
773 3037 805 3098 id
837 3041 943 3098 tamen
971 3034 1082 3098 ludaei
1111 3052 1175 3096 non
1201 3036 1307 3098 statim

181 3134 433 3214 intellexerunt,
459 3138 542 3200 sicut
566 3145 699 3219 apparet
726 3156 768 3200 ex
792 3157 822 3199 0.
851 3134 901 3202 31.
931 3130 1168 3217 Argumentum
1198 3136 1308 3215 itaque

184 3234 281 3297 totius
302 3236 456 3300 sermonis
480 3243 528 3300 est
553 3235 717 3302 Christum
738 3256 805 3300 esse
818 3255 934 3317 ponem
954 3235 1050 3310 oitoe,
1071 3237 1167 3316 idque
1189 3234 1310 3316 duplici

185 3337 280 3398 modo
305 3337 375 3400 lieri
398 3340 464 3419 ipse
488 3339 573 3401 inira
596 3359 653 3402 nos
677 3341 786 3416 docet,
814 3345 883 3402 tum
904 3339 1055 3419 figurate,
1077 3356 1141 3417 qua
1163 3335 1310 3401 Christus

183 3438 256 3519 fidoi
283 3440 431 3503 obiectum
457 3452 513 3515 ost,
534 3460 609 3504 uam
636 3441 737 3503 iustos
761 3442 876 3520 euclide
903 3437 1057 3521 0101111),
1074 3446 1143 3502 tum
1164 3440 1309 3519 proprie,

185 3544 218 3603 in
242 3548 399 3622 quantum
427 3543 545 3608 Christi
566 3564 646 3607 0000
675 3563 812 3625 corpore
837 3550 869 3608 01
889 3543 1041 3624 sanguine
1061 3543 1094 3603 in
1115 3541 1310 3605 eucharistia

184 3646 348 3725 pascimur
362 3652 394 3708 et
412 3652 573 3726 potamur.
588 3644 680 3709 Duae
701 3654 776 3709 sunt
796 3665 873 3726 ergo
894 3645 992 3709 huius
1014 3644 1169 3707 sermonis
1190 3649 1310 3724 partes,

187 3767 267 3826 quas
287 3749 478 3828 priusquam
499 3749 701 3828 exponimus,
722 3750 787 3812 duo
808 3750 1065 3814 animadvertere
1086 3746 1220 3810 iuvabit.

265 3847 412 3911 Primum
432 3856 480 3911 est
499 3851 625 3913 nomine
650 3850 813 3927 hebraico,
840 3868 906 3928 quo
929 3847 1027 3930 ponis
1053 3847 1210 3927 signatur,
1232 3863 1312 3925 quo·

188 3966 251 4026 que
275 3950 392 4028 procul
413 3949 511 4012 dubio
536 3948 682 4014 Christus
705 3957 753 4014 ost
772 3969 862 4025 usus,
889 3949 1059 4030 significari
1079 3948 1111 4009 id
1132 3963 1312 4027 omneque

256 4160 296 4228 u)
321 4163 396 4216 nom.
420 4165 443 4232 1,
464 4163 506 4216 rr.
528 4163 624 4217 coner
649 4165 688 4217 10.
715 4164 762 4232 10,
784 4144 826 4214 io.
848 4161 891 4214 rr.
