2986 4912
523 349 625 397 clrvr
648 350 788 398 nncinvn
811 351 953 399 rrnrrvn
1246 337 1307 406 165

170 432 442 498 commendandae
461 453 525 498 nun
546 437 573 498 is
593 437 687 499 locus
708 442 792 514 erat,
815 436 871 500 sed
892 443 969 501 sunt
989 439 1153 519 quoddam
1173 458 1309 520 prover*

171 528 283 610 bium,
317 535 403 614 qnod
425 537 497 614 etsi,
520 537 605 600 sicut
624 537 695 600 fieri
715 537 850 600 subinde
870 537 972 615 solet,
996 536 1146 604 Christus
1172 541 1310 621 primam

170 632 264 696 verbi
283 653 454 716 personam
474 649 635 718 usurpans
655 637 843 718 protulerit,
866 637 1017 719 proferre
1032 645 1140 702 tamen
1159 638 1206 703 sic
1228 660 1310 721 quo-

171 752 237 814 que
258 737 426 816 potuisset:
451 735 515 813 Qui
536 737 653 818 accipit
674 753 749 801 cum
770 756 868 818 quem
889 739 962 819 quis
984 738 1091 816 misit,
1114 740 1202 804 hunc
1227 741 1312 804 acci·

170 837 231 916 pit3
253 855 328 915 non,
351 838 495 917 inquam,
517 838 604 902 Deus
625 840 753 902 mittens
775 846 807 900 et
828 837 976 903 Christus
991 840 1106 903 missus
1121 859 1311 922 comparan-

171 943 229 1000 tur
249 950 324 1000 cnm
346 935 476 1001 Christo
498 939 643 1002 mittente
664 946 697 1002 et
717 940 882 1020 discipulis
904 940 1029 1017 missis,
1056 940 1112 1003 sed
1133 959 1209 1003 cum
1230 961 1312 1022 quo-

170 1054 312 1119 cumque
333 1040 478 1103 mittente
498 1046 532 1103 et
552 1056 591 1103 eo
613 1041 669 1120 qui
690 1041 840 1104 mittitur.
864 1037 971 1115 Quam
997 1060 1075 1104 rem¹
1092 1042 1311 1106 considerasse

171 1141 271 1203 etiam
291 1141 364 1204 ideo
385 1142 518 1219 iuverit,
540 1154 581 1205 ne
603 1144 675 1221 quis
697 1143 759 1206 hoc
780 1142 888 1220 simili,
912 1155 978 1224 quo
993 1141 1142 1208 Christus
1155 1156 1235 1208 usus
1249 1153 1310 1223 est,

171 1242 330 1305 abutatur
350 1242 391 1304 ad
412 1243 513 1324 ipsius
535 1240 654 1307 Christi
676 1244 876 1307 divinitatem
897 1243 1123 1325 impetendam.

253 1362 283 1406 v.
305 1339 357 1407 21.
380 1341 414 1406 Si
433 1363 566 1408 versum
586 1341 628 1411 21]
647 1345 703 1422 ita,
726 1351 765 1408 ut
786 1345 933 1422 fecimus,
955 1344 1109 1428 explices,
1126 1346 1224 1410 huius
1239 1367 1312 1411 ver-

169 1459 227 1507 sus
247 1441 286 1509 21
309 1455 341 1509 et
360 1442 570 1527 superiorum
591 1466 748 1511 versuum
776 1460 943 1511 connexus
963 1467 1023 1530 per
1056 1467 1091 1512 se
1121 1449 1255 1529 patebit.
1270 1482 1312 1494 ·-

170 1536 259 1602 Nota
295 1539 417 1604 Christi
450 1540 599 1622 spiritam
634 1537 818 1624 praeditum
850 1542 963 1605 iisdem
997 1540 1165 1606 aflectibus
1194 1544 1312 1625 quibus

171 1639 318 1703 omnium
335 1641 504 1704 hominum
518 1642 625 1704 animi.
639 1675 679 1689 --
689 1638 837 1706 Christus
852 1643 937 1704 intra
951 1640 1039 1706 illius
1055 1661 1174 1706 coenae
1195 1644 1310 1706 horam

171 1757 208 1802 se
228 1758 247 1803 a
268 1741 427 1823 discipulo
447 1744 650 1825 prodendum
685 1763 754 1807 esse
779 1750 891 1825 aperte
920 1751 970 1806 ter
1006 1745 1169 1825 praedixit
1180 1765 1191 1824 ;
1230 1745 1315 1807 haec.

172 1841 351 1922 praedictio
367 1844 462 1907 tertia
477 1844 549 1908 fuit.
566 1838 651 1926 Lege
666 1838 734 1907 Lib.
748 1843 780 1906 ΙΙ
792 1845 831 1908 de
846 1839 1031 1926 Evangeliis
1046 1834 1165 1908 Annot.
1181 1838 1316 1909 CLVII..

252 1962 283 2006 v.
305 1941 357 2008 22.
381 1942 504 2009 Ibidem
525 1953 558 2009 et
578 1947 611 2008 in
631 1945 700 2010 Lib.
724 1943 895 2032 111.Diss.'
913 1939 950 2009 L.
984 1964 1016 2009 n.
1053 1943 1091 2009 12
1121 1946 1312 2010 dissolutum

172 2044 316 2109 invenies
336 2043 558 2126 quaestionem
578 2048 754 2129 quomodo,
777 2048 866 2129 quod
886 2048 919 2109 in
939 2048 1002 2110 hoc
1023 2064 1123 2110 versu
1142 2053 1310 2125 narratur,

172 2142 322 2227 componi
344 2153 444 2226 queat
464 2162 540 2212 cnm
560 2148 625 2212 illis
646 2164 730 2229 quae
750 2149 889 2230 legimus
910 2149 943 2210 in
964 2145 1080 2210 Matth.
1104 2138 1223 2225 xxvl,
1245 2145 1297 2212 25.

258 2267 311 2311 vv.
332 2245 451 2312 23-25.
474 2247 570 2313 Nunc
583 2250 689 2332 primo
704 2247 838 2313 Ioannes
853 2249 893 2311 de
913 2266 947 2311 se
968 2248 1129 2329 loquitur,
1145 2249 1213 2324 sed,
1229 2247 1314 2312 sicut

174 2365 316 2429 semper,
332 2351 437 2414 veluti
450 2351 490 2414 de
505 2351 570 2414 alio
586 2351 751 2432 quopiam,
764 2367 864 2430 seque
879 2349 1023 2429 designat
1037 2348 1156 2412 usitata
1171 2349 1315 2431 appella-

174 2449 263 2512 tione
283 2448 433 2533 discipuli
452 2471 542 2534 quem
561 2448 711 2533 difipcbat
730 2450 827 2514 Iesus.
850 2445 936 2531 Lege
956 2443 1026 2513 Lib.
1044 2448 1059 2512 Ι
1074 2451 1113 2514 de
1127 2449 1312 2531 Evangeliis

174 2569 205 2613 c.
230 2547 287 2612 IV.
309 2568 363 2613 nn.
385 2548 416 2614 2.
438 2549 469 2614 3.
492 2549 731 2628 6.-Veteres,
753 2567 817 2613 non
838 2550 996 2628 sedentes,
1012 2549 1068 2613 sed
1087 2550 1314 2613 accumbentes

176 2646 365 2714 coenabant.
388 2644 473 2733 Lege
493 2647 563 2716 Lib.
587 2651 635 2715 ΙΙΙ
657 2653 696 2716 de
711 2651 895 2733 Evangeliis
915 2650 998 2715 Diss.
1021 2644 1057 2715 L.
1075 2669 1106 2714 n.
1123 2641 1317 2716 imavo»-
1383 2655 1399 2692 ¹,

175 2766 232 2814 sus
251 2745 293 2816 21
312 2767 428 2832 graece
447 2753 494 2816 sic
514 2759 585 2816 este
618 2745 733 2814 Iacuit
753 2771 824 2832 erpo
844 2749 917 2815 tuto
937 2744 1047 2815 Simon
1067 2745 1183 2814 Petrus
1207 2747 1316 2812 scisci-

180 2847 248 2912 tari
266 2846 337 2932 puis
356 2860 432 2915 essct
452 2854 488 2915 de
507 2870 568 2935 quo
589 2850 687 2926 dicit,⁴
709 2867 890 2932 versusque
908 2849 960 2916 252
978 2848 1131 2914 Accidens
1144 2857 1248 2913 autem
1260 2848 1316 2913 tue

179 2969 274 3032 super
288 2960 398 3032 pectus
418 2946 503 3028 Iesu,
525 2961 554 3016 et
574 2961 685 3016 cetero.

259 3072 290 3116 v.
311 3050 361 3118 26.
384 3051 502 3118 Petrus
522 3054 674 3118 innuerat
693 3051 816 3129 loanni,
833 3050 967 3115 loannes
988 3044 1097 3115 Iesum
1118 3055 1244 3116 secreto
1266 3048 1315 3112 in·

179 3153 524 3236 terrogaverat31esns
545 3174 624 3236 ergo
645 3156 722 3218 item
742 3160 868 3218 secreto
891 3153 1067 3234 respondit,
1084 3153 1195 3233 itaque
1210 3156 1249 3215 ut
1263 3169 1316 3214 ce-

180 3254 244 3318 teri
265 3271 453 3337 responsum
474 3273 539 3318 non
559 3255 721 3319 audirent.

260 3375 292 3420 v.
314 3353 365 3420 27.
387 3353 508 3422 Confer
527 3375 559 3422 v.
581 3354 613 3421 2.
636 3355 722 3438 Lege
748 3355 818 3420 Lib.
842 3353 891 3418 lll
905 3355 945 3420 de
963 3354 1147 3436 Evangeliis
1168 3352 1252 3418 Diss.
1276 3348 1313 3417 L.
1336 3421 1338 3428 ,

177 3473 232 3521 nn.
254 3455 346 3524 ⁷·9.

260 3577 292 3624 v.
315 3557 366 3626 29.
388 3558 474 3639 Lege
494 3559 537 3622 ib.
561 3578 614 3623 nn.
637 3557 668 3623 7.
691 3556 741 3624 13.

259 3679 313 3724 vv.
334 3653 386 3725 31.
408 3658 459 3725 32.
483 3660 538 3738 lis,
555 3679 639 3742 qnae
659 3659 807 3725 Christus
827 3680 905 3724 mox
926 3672 1141 3742 perpessurus
1163 3659 1245 3733 erat,
1261 3655 1321 3718 ini·

180 3762 263 3826 tium
283 3759 381 3826 ludas
403 3762 480 3825 fecit
499 3781 518 3826 e
539 3761 891 3842 coenaculoegrediens
912 3761 953 3823 ad
974 3759 1202 3842 proditionem,
1218 3775 1318 3837 quam

180 3870 296 3945 pactus
324 3868 417 3941 erat,
439 3865 679 3944 exsequendam
690 3884 702 3943 ;
724 3863 799 3926 hinc
818 3862 903 3926 illud
923 3854 1026 3926 Nunc.
1051 3857 1198 3923 Christus
1219 3857 1259 3921 dc
1280 3872 1319 3919 ea

180 3982 230 4040 re,
252 3964 357 4028 veluti
376 3964 440 4027 iam
461 3962 547 4026 facta
571 3964 624 4040 sit,
646 3963 806 4043 loquitur,
829 3963 923 4024 utens
945 3966 1091 4041 tempore
1112 3957 1205 4023 verbi
1224 3969 1319 4038 prae-

182 4066 281 4128 terito
301 4084 363 4147 pro
384 4066 555 4147 praesenti.
581 4063 673 4141 Quae
703 4064 763 4129 sibi
793 4064 857 4125 iam
877 4062 1102 4137 imminerent,
1125 4058 1313 4134 cruciatus,

183 4167 407 4247 contumelias,
430 4185 542 4231 necem
573 4168 701 4232 silentio
732 4164 943 4249 praeteriens,
975 4162 1126 4244 gloriam,
1148 4178 1247 4244 quam
1275 4176 1318 4221 ex
