2986 4912
164 306 205 372 92
511 324 539 369 m
563 321 699 369 tolonen
722 321 972 370 couunnranlvu

166 428 205 471 eu
231 408 316 470 vohis
339 407 420 489 facit
439 410 547 488 dapem,
569 425 763 486 sensumque
784 427 864 470 esse:
887 407 965 485 Vos,
989 409 1046 488 qui
1067 408 1191 471 nullam
1204 410 1313 491 legem

169 510 332 587 servatis,
356 510 477 572 mirum
499 527 568 571 esse
589 508 705 571 ducitis
735 526 785 570 me
815 514 927 571 contra
948 511 1075 589 legem,
1098 518 1198 591 prout
1219 514 1313 576 vohis

167 613 310 688 videtur,
336 630 438 673 unum
459 610 538 690 quid
560 611 767 674 commisisse.

249 732 303 776 vv.
325 710 376 776 22.
398 710 449 776 23.
474 711 636 776 Sententia
658 713 769 792 incipit
782 713 909 776 nomine
922 710 1055 792 Moyses.
1073 713 1141 776 lam
1160 713 1312 780 Christus

169 819 361 894 argumento
382 834 402 875 a
422 812 544 876 minore
565 814 607 875 od
627 813 731 875 maius
753 834 787 877 se
809 815 972 892 defendit,
1007 817 1210 897 ostenditque
1231 819 1314 879 nihil

172 914 204 975 in
225 934 276 991 oo,
299 915 387 994 quod
409 915 550 990 fecerat,
575 934 643 978 csse
665 916 870 994 castigatione
893 916 1140 995 dignum-Io
1155 919 1312 992 ‘sabbato,

171 1016 203 1078 id
224 1024 272 1079 est
293 1017 390 1079 etiam
411 1017 444 1078 in
464 1018 607 1079 sabbato.
621 1051 661 1061 -
678 1015 712 1078 Vt
732 1035 797 1077 ooo
822 1013 874 1084 ἱνα
891 1040 938 1108 μη
961 1019 1161 1080 nesciretur
1182 1020 1243 1081 lem

250 1141 281 1184 v.
307 1117 357 1185 21.
391 1119 538 1184 Christus
571 1123 735 1184 concludit
766 1127 948 1202 opportuna
985 1122 1244 1184 commonitione.
1271 1155 1313 1167 —-

174 1217 350 1283 Secundum
373 1220 486 1302 sociem
502 1218 578 1290 κατ’
596 1218 671 1313 ipre
685 1225 853 1301 seeundum
874 1221 990 1295 cisum,
1012 1224 1190 1285 secundum
1205 1228 1315 1286 exter-

172 1343 247 1387 nam
269 1327 421 1405 speciem,
444 1329 622 1390 seeundum
644 1330 675 1390 id
697 1330 786 1409 quod
806 1330 911 1410 prima
932 1329 1037 1410 specie
1059 1334 1203 1409 apparet.

254 1445 286 1488 v.
308 1424 359 1489 27.
383 1426 435 1489 Ex
456 1425 575 1491 Christi
597 1431 803 1510 responsione
818 1451 850 1494 r.
866 1428 908 1495 29
927 1431 1135 1510 intelligimus
1156 1431 1313 1494 adverbio

173 1527 256 1587 uode
277 1527 309 1588 in
331 1529 393 1591 hoo
414 1548 513 1592 versu
534 1531 719 1610 significari,
743 1551 807 1593 non
827 1532 950 1608 locum,
971 1533 1026 1595 scd
1048 1551 1147 1611 genus
1172 1537 1314 1612 patrem·

174 1648 250 1709 que.
264 1629 366 1692 —Ex
387 1629 489 1694 lsaiae
511 1633 661 1696 vaticinio
678 1631 719 1715 (1)
735 1632 848 1696 ludaei
876 1635 1053 1696 didicerant
1073 1632 1239 1697 Christum
1271 1653 1314 1697 ex
1376 1679 1378 1684 -

174 1728 299 1808 virgine
321 1730 485 1792 oriturum
506 1733 573 1794 sine
594 1738 699 1813 patre3
716 1734 790 1795 hinc
805 1735 863 1795 illa
878 1734 969 1813 vulgi
984 1735 1151 1797 sententia:
1173 1732 1314 1797 Christus

174 1839 278 1893 autem
299 1833 522 1907 cumvenerit,
544 1853 632 1896 nemo
653 1834 713 1897 scit
733 1837 815 1896 uode
837 1834 889 1897 sit.

254 1953 285 1998 v.
308 1930 359 1998 28.
382 1934 426 1996 Et
445 1955 491 1996 me
511 1933 649 2009 scilieet
669 1935 823 1999 cadesim
837 1935 1073 2017 scitis,(ligura
1087 1939 1311 2015 concessionis,

174 2035 230 2099 sed
251 2056 310 2117 per
330 2037 479 2117 ironiam3
495 2039 603 2101 italice
618 2041 664 2102 sic
679 2041 813 2103 diceres:
831 2037 866 2102 Sl
881 2045 921 2116 st,
938 2048 1039 2119 sopete
1054 2041 1133 2101 oudo
1146 2039 1178 2100 io
1192 2041 1312 2120 sono),

175 2146 204 2199 et
224 2144 342 2214 tamen,
361 2136 473 2218 (qnod
487 2141 569 2202 scire
580 2158 644 2203 non
655 2142 754 2204 vultis
769 2140 792 2222 t,
809 2163 829 2203 a
849 2162 895 2203 me
915 2141 983 2222 ipso
1005 2162 1069 2203 noo
1089 2141 1175 2217 veni,
1197 2144 1250 2204 sed
1271 2152 1315 2204 est

174 2256 267 2299 verus
286 2235 438 2320 ἀληθινος
458 2261 578 2316 oerum,
601 2243 695 2322 eique
717 2250 890 2324 propterca
912 2246 1130 2322 credendum,
1154 2243 1211 2325 qui
1229 2243 1317 2306 misit

178 2360 239 2414 me,
260 2362 415 2423 quemque
433 2363 487 2405 vos
501 2341 637 2404 nescitis.
655 2340 774 2406 Conlcr
785 2341 831 2406 lo.
847 2343 938 2421 Vlll,
954 2342 1004 2407 26.
1021 2343 1147 2407 Nomen
1163 2341 1315 2424 ἅληθινος

177 2466 291 2522 verus,
313 2469 423 2528 cerac,
446 2453 480 2512 in
501 2453 562 2514 hoc
582 2452 657 2513 loco
676 2451 821 2512 camdem
842 2450 907 2512 vim
929 2450 1026 2510 hahet
1057 2467 1094 2510 ac
1125 2449 1316 2509 hebraicum

183 2557 264 2647 inte,
287 2553 375 2630 qnod
396 2570 514 2614 nomen
534 2552 667 2616 verbale
689 2556 748 2627 est,
772 2568 971 2630 quamquam
992 2568 1055 2611 non
1076 2558 1115 2610 ut
1135 2548 1200 2610 tale
1221 2566 1319 2610 usur-

179 2660 292 2733 patum
313 2655 345 2715 in
365 2653 471 2714 bibliis
494 2653 690 2732 reperiatur,
714 2650 880 2730 quodque,
904 2650 989 2711 sicut
1009 2649 1077 2729 ipsa
1098 2648 1203 2710 forma
1224 2647 1320 2723 docet

181 2762 215 2818 et
234 2756 433 2836 comparatio
455 2774 529 2817 cum
551 2755 620 2816 aliis
641 2754 760 2832 linguis
782 2752 957 2828 semiticis,
991 2770 1066 2814 eum
1087 2749 1246 2829 significat
1265 2749 1320 2810 oui

173 2858 260 2920 ⁴tides
280 2857 409 2920 omnino
431 2857 575 2919 habenda
598 2860 656 2918 est.
681 2853 800 2918 Conicr
821 2871 895 2915 cum
917 2854 1066 2914 hocloco
1082 2849 1321 2931 vcrhahpoca·

180 2960 322 3041 lypseos:
347 2955 433 3029 Ταδε
455 2957 535 3050 lapse
553 2951 704 3050 ὁἈμην,
727 2950 886 3053 ἑμαρτυς
903 2951 920 3020 ὁ
935 2977 1047 3034 πιστος
1074 2976 1130 3021 και
1166 2949 1319 3033 ἀληθινος

183 3063 270 3127 Haeo
294 3062 373 3126 dicit
393 3063 499 3141 Auen,
517 3062 602 3126 testis
622 3060 722 3143 fidelis
743 3070 771 3122 ct
791 3079 883 3121 verus
893 3057 953 3138 (2),
968 3059 1000 3120 in
1020 3060 1139 3139 quihus
1154 3057 1253 3120 Amen
1275 3067 1324 3120 est

183 3183 300 3226 nomen
323 3163 340 3244 (
347 3163 523 3243 l’dmeo),
540 3183 606 3244 quo
628 3161 776 3226 Christus
794 3162 951 3240 signatur,
968 3161 1121 3239 quodque
1137 3159 1323 3237 explicatur

174 3266 291 3329 uerbis
314 3285 397 3346 quae
418 3274 611 3346 sequuntur.
636 3263 756 3330 Confer
767 3262 828 3344 hp.
850 3261 949 3339 XIX,
966 3259 1015 3325 11.
1039 3258 1089 3324 13.
1108 3259 1219 3335 Quum
1243 3277 1322 3338 ergo

185 3367 263 3430 tides
285 3369 413 3430 omnino
435 3368 581 3430 habenda
602 3367 643 3428 sit
663 3367 693 3428 ci
714 3365 771 3445 qui
793 3363 959 3429 Christum
980 3363 1088 3438 misit,
1112 3361 1207 3423 tacite
1229 3360 1255 3422 is
1275 3361 1322 3420 in-

187 3469 251 3531 iert
270 3470 330 3531 sihi
351 3489 483 3550 quoque
503 3468 711 3530 credendum.

266 3592 297 3635 v.
319 3569 370 3634 29.
394 3570 515 3646 Recolo
537 3588 621 3650 quae
643 3569 783 3631 diximus
805 3569 844 3630 de
866 3566 913 3630 lo.
935 3565 993 3642 Vl,
1015 3561 1066 3631 46.

266 3693 297 3736 v.
320 3668 371 3738 30.
395 3670 515 3735 Confer
526 3692 557 3736 v.
581 3671 601 3736 6
620 3679 653 3735 et
672 3669 764 3747 Vlll,
786 3666 837 3737 211.
854 3668 936 3732 ltem
958 3668 1069 3731 confer
1083 3668 1219 3730 hostros
1232 3666 1323 3729 locos

186 3794 262 3838 eum
284 3775 330 3838 lo.
354 3773 447 3847 Xlll,
467 3773 498 3839 1.
959 3779 962 3783 ’

260 4007 491 4076 mmmm

262 4101 494 4171 mnpmme
