2986 4912
396 298 399 303 ’
462 295 562 342 cxrvr
586 295 713 343 ssxrvn
1150 278 1188 345 67

53 400 138 485 pter
165 386 331 460 Patrem:
353 397 390 458 et
409 388 470 484 qui
489 378 684 460 manducat
707 409 787 472 me,
807 398 845 460 et
873 387 950 483 ipse
979 386 1078 461 vivet
1096 410 1178 484 pro·

56 527 138 612 pter
165 537 237 589 me.

161 634 213 714 59
240 639 305 713 Hie
341 652 398 713 est
424 641 550 737 panis,
578 641 638 738 qui
674 641 717 714 de
749 640 848 713 eaelo
875 640 1072 715 descendit.
1102 637 1180 714 Non

58 767 152 842 siout
179 768 487 842 manducaverunt
514 780 637 865 patres
664 769 777 841 vestri
804 790 955 856 manna,
984 783 1022 844 et
1048 770 1183 844 mortui

57 910 156 970 sunt.
185 895 254 986 Qui
282 896 476 969 manducat
502 895 597 968 hune
625 919 769 992 panem,
798 896 896 969 vivet
924 897 959 969 in
979 911 1181 971 aeternum.

165 1019 216 1098 60
243 1024 340 1098 Haeo
366 1024 458 1098 dixit
485 1025 522 1098 in
551 1047 731 1120 synagoga
758 1025 905 1110 docens,
934 1025 970 1096 in
1016 1024 1183 1123 Caphar-

56 1176 182 1227 naum.

165 1275 211 1354 61
244 1281 346 1355 Multi
375 1305 459 1379 ergo
487 1281 675 1355 audientes
703 1305 749 1354 ex
776 1282 963 1378 discipulis
979 1282 1070 1367 eiuS,
1090 1282 1188 1358 dixe-

59 1423 158 1482 runt:
188 1408 307 1483 Durus
335 1422 393 1482 est
419 1410 478 1482 hie
493 1433 626 1495 sermo,
643 1423 680 1486 et
708 1409 788 1504 quis
803 1420 927 1505 potest
942 1433 1026 1483 eum
1041 1408 1187 1484 audire?

167 1531 217 1610 62
246 1538 369 1612 Sciens
410 1551 533 1611 autern
569 1538 669 1610 lesus
706 1538 802 1635 apud
835 1538 1072 1635 semetipsum
1105 1540 1189 1636 quia

60 1678 331 1739 murmurarent
349 1666 393 1739 de
412 1666 481 1738 hoo
503 1665 669 1762 discipuli
697 1666 789 1749 eins,
808 1666 899 1772 dixit
918 1666 991 1739 eis:
1022 1665 1097 1740 Hoc
1124 1691 1190 1740 vos

63 1789 314 1867 scandalizat?

170 1915 221 1994 63
248 1919 286 1995 Si
314 1944 399 2017 ergo
427 1919 590 1994 videritis
617 1918 747 1992 Filium
762 1920 919 1993 hominis
935 1921 1191 1995 ascendentem

63 2049 126 2123 ubi
155 2060 233 2123 erat
254 2045 387 2144 prius?

170 2169 221 2250 (id
249 2175 403 2272 Spiritus
430 2187 500 2261 est,
529 2175 589 2273 qui
617 2174 792 2249 viviticat:
823 2198 906 2249 earo
934 2199 1005 2249 non
1043 2177 1198 2274 prodest·

64 2305 273 2403 quidquam.
302 2304 425 2390 verba,
453 2327 545 2402 quae
573 2327 640 2400 ego
667 2302 810 2378 locutus
838 2327 920 2377 sum
949 2305 1068 2391 vobis,
1085 2304 1192 2402 spiri-

66 2448 127 2508 tus
155 2446 193 2506 et
221 2432 295 2505 vita
324 2445 422 2505 sunt.

173 2554 223 2634 65
251 2560 322 2634 Sed
349 2571 434 2635 sunt
461 2561 605 2656 quidam
632 2584 680 2633 ex
708 2558 824 2644 vobis,
853 2561 915 2657 qui
942 2560 1191 2634 noncredunt.

66 2688 211 2762 Solebat
243 2689 337 2761 enim
366 2688 411 2761 ab
438 2688 540 2761 initio
568 2686 668 2761 lesus
699 2690 761 2785 qui
790 2701 913 2762 essent
942 2711 1013 2760 non
1040 2688 1193 2761 ereden-

68 2827 153 2902 teS,
182 2830 220 2891 et
255 2815 335 2914 quis
372 2815 570 2889 traditurus
603 2828 701 2889 esset
738 2838 833 2890 eum.

174 2938 224 3018 66
252 2941 300 3016 Et
332 2942 486 3018 dicebat:
525 2942 722 3039 Propterea
749 2943 823 3016 dixi
851 2942 966 3028 vobis,
987 2941 1070 3039 quia
1086 2964 1193 3016 nemo

67 3084 191 3168 potest
217 3071 340 3146 venire
368 3071 413 3144 ad
440 3094 512 3164 me,
532 3070 601 3143 nisi
620 3070 730 3145 fuerit
745 3073 778 3144 ei
792 3071 916 3143 datum
934 3093 954 3140 a
974 3068 1083 3141 Patre
1099 3091 1193 3143 meo.

173 3194 223 3273 67
251 3199 309 3273 Ex
334 3200 404 3273 hoe
432 3199 538 3274 multi
566 3199 823 3296 discipulorum
852 3198 931 3272 eius
946 3195 1117 3272 abierunt
1132 3221 1194 3270 re-

67 3334 207 3402 trot'et
234 3329 307 3401 iam
334 3352 406 3402 uon
434 3351 517 3401 curn
544 3327 605 3401 illo
633 3326 880 3401 ambulabant.

174 3448 225 3528 68
252 3453 353 3529 Dixit
380 3478 466 3551 ergo
494 3455 595 3528 lesus
623 3456 668 3528 ad
704 3455 919 3529 duodecim:
949 3450 1130 3550 Numquid
1158 3464 1197 3525 et

67 3605 134 3654 vos
163 3580 272 3655 vultis
300 3578 427 3655 abire?

173 3704 224 3784 69
251 3710 453 3807 Respondit
481 3734 566 3808 ergo
594 3712 628 3784 ei
656 3712 780 3786 Simon
800 3710 943 3785 Petrus:
958 3709 1131 3796 Domine,
1151 3711 1197 3784 ad

67 3862 177 3936 quem
193 3832 367 3912 ibimus?
394 3839 505 3912 verba
533 3839 629 3913 vitae
658 3853 827 3916 aeternae
855 3839 982 3912 habes.
1018 3878 1020 3882 ν

173 3960 225 4040 76
251 3965 312 4041 Et·
327 3990 392 4041 nos
421 3967 652 4058 credidimus,
672 3983 709 4045 et
736 3967 969 4066 eognovimus
996 3965 1079 4062 quia
1096 3977 1135 4041 tu
1153 3988 1193 4041 es

68 4097 237 4176 Christus
264 4097 376 4176 Filius
404 4097 482 4175 Dei.
