2986 4912
270 298 321 371 111
612 321 643 366 n
664 319 802 366 tonsu
823 319 1074 368 commun

279 405 1049 486 mmplariarulgatioramnnodo,
1078 406 1423 477 sedaeffiexrati-

279 525 382 570 canus
412 508 557 570 onmium
588 507 825 569 vetustissimus
848 526 911 587 pru
929 505 991 574 σῦκ
1005 504 1174 578 dariam
1191 528 1257 571 ποι
1281 516 1423 576 awende

279 613 419 675 haheant
438 609 524 679 actm
536 607 702 682 &farra
721 615 861 674 nandum
881 615 1027 675 arendo.
1041 612 1344 679 lleindeChristum
1365 636 1423 682 ne·

281 734 448 797 quaquam
457 717 1421 800 simpliciternegasseseiturum,sediturumeomodo,quo

280 819 333 882 sui
348 820 521 895 rolehaat,
543 821 621 881 satis
641 819 782 880 efficitur
800 839 842 879 ex
862 828 929 880 tota
954 821 1153 881 narratione.
1164 823 1361 898 praesertim
1378 842 1422 884 ex

283 920 375 985 003.
396 917 419 986 1
437 924 632 1002 comparatis
652 941 771 984 cumr.
789 917 884 994 11],10
903 941 971 1000 quo
991 922 1060 1001 ipse
1078 923 1276 1000 evangelista
1286 923 1422 984 ridetur

281 1041 537 1104 praeoccupasse
546 1024 636 1103 quod
646 1025 832 1104 opponitur.
848 1021 968 1085 Confer
979 1024 1078 1085 rerba
1092 1042 1181 1083 aena
1246 1023 1282 1084 ia
1297 1026 1423 1086 occulto

280 1121 462 1203 qutdsacit,
533 1123 703 1204 maat'sesta
723 1134 751 1183 te
772 1122 873 1202 ipram
893 1124 1023 1195 mundo,
1044 1142 1120 1184 cum
1141 1125 1249 1186 verbis
1269 1144 1335 1185 noa
1356 1145 1424 1186 Μ-

282 1222 416 1303 eistete,
436 1225 490 1285 sed
508 1224 602 1305 quasi
622 1223 657 1284 in
677 1224 810 1284 aeealto.
833 1221 918 1285 Tum
938 1220 1088 1285 Christus
1106 1243 1172 1286 nou
1191 1225 1274 1286 dixit
1292 1245 1329 1288 se
1356 1245 1423 1288 non

283 1324 405 1387 iturum
417 1370 431 1399 ,
451 1327 508 1388 sed
528 1345 593 1388 non
612 1325 682 1397 ire,
703 1344 772 1404 quo
791 1343 943 1405 praesens
967 1324 1050 1385 hora
1072 1324 1284 1404 designatur,
1315 1344 1423 1406 neque

283 1428 371 1490 enim
390 1447 494 1491 unum
515 1437 615 1506 atque
636 1427 722 1488 idem
740 1432 790 1488 est
811 1444 876 1485 aaa
895 1426 1030 1484 ascendo
1050 1434 1084 1486 et
1102 1444 1169 1485 aaa
1188 1428 1370 1490 ascendam.

365 1547 398 1591 r.
419 1526 472 1593 13.
494 1528 575 1591 Pars
596 1530 716 1609 quippe
737 1531 852 1607 gentis,
867 1536 905 1589 ut
918 1536 1055 1608 apparet
1067 1547 1112 1589 ex
1124 1547 1157 1589 r.
1172 1525 1225 1604 12,
1239 1547 1347 1608 eaque
1360 1551 1425 1593 non

285 1628 417 1709 exigua,
438 1630 525 1692 sicut
545 1629 728 1707 colligimus
748 1647 792 1690 ex
812 1625 859 1689 lo.
883 1625 945 1702 lll,
965 1625 1020 1705 263
1040 1625 1096 1704 ll',
1117 1626 1148 1690 1.
1168 1623 1348 1707 155119.
1370 1630 1422 1709 11,

286 1750 372 1812 eque
391 1733 509 1795 ceteris
529 1732 746 1811 evangelistis,
768 1731 940 1793 etiamtum
960 1728 1092 1792 Christo
1113 1731 1276 1794 iarehaut.

365 1850 397 1894 r.
418 1829 468 1897 11.
490 1829 617 1896 Graeca
636 1832 683 1894 sic
702 1837 794 1892 sunt:
818 1854 878 1910 reg
892 1825 1006 1931 ἔαρι-ης
1021 1852 1182 1918 naevum
1199 1832 1346 1894 sollemni
1365 1854 1426 1897 me-

285 1934 405 1999 diante.
427 1934 513 2017 Lege
533 1954 618 2016 quae
638 1936 865 1997 annotavimus
884 1933 917 1993 in
938 1931 985 1994 lo.
1008 1930 1066 2008 ll',
1086 1929 1137 1996 15.

369 2059 402 2102 v.
424 2037 476 2104 16.
498 2037 636 2102 Scientia
658 2037 779 2102 Christi
804 2039 837 2098 in
856 2037 958 2116 ipsius
987 2035 1096 2096 divina
1125 2041 1245 2096 natura
1275 2052 1426 2099 caussam

288 2140 400 2217 hahet,
421 2141 505 2205 haue
525 2150 636 2203 antem
657 2148 808 2201 naturam
828 2136 977 2201 Christus
1004 2144 1170 2217 acceptam
1190 2136 1289 2197 hahet
1319 2154 1340 2197 a
1370 2155 1426 2216 pa

291 2249 352 2305 tre.
374 2241 530 2306 Doctrina
550 2261 630 2322 ergo
652 2240 772 2305 Christi
793 2240 834 2302 ah
853 2240 953 2320 ipsius
973 2246 1068 2319 patre
1088 2245 1147 2300 est.
1168 2236 1256 2318 lege
1274 2256 1361 2317 quae
1382 2239 1428 2300 di

290 2361 401 2406 cemus
422 2344 462 2406 de
483 2341 531 2405 lo.
553 2340 630 2419 ΧΠ,
648 2337 699 2407 11.

371 2464 402 2505 v.
414 2441 465 2507 11.
479 2441 587 2518 Quam
598 2462 667 2505 rem
678 2444 851 2505 utitaesse
862 2443 1128 2522 cognoscatis,ad
1147 2440 1209 2503 Dei
1226 2440 1429 2503 voluntatem

290 2553 415 2607 vosmet
435 2544 657 2620 conformetis,
669 2545 842 2623 animoque
862 2545 930 2606 sitis
941 2545 982 2604 ad
996 2544 1066 2605 eius
1087 2548 1261 2623 praecepta
1283 2541 1428 2604 iacienda

291 2647 479 2727 bonumque
499 2647 659 2727 agendum
679 2665 859 2727 propenso,
882 2665 1012 2708 necesse
1032 2653 1092 2707 est.
1114 2643 1230 2722 Neque
1251 2644 1337 2706 euim
1357 2663 1428 2724 spe·

291 2747 430 2809 randum
451 2755 523 2809 erat
543 2767 561 2808 e
582 2747 710 2810 ludaeis
730 2749 811 2810 alios
837 2749 869 2809 in
895 2746 1062 2810 Christum
1091 2744 1275 2806 credituros
1304 2743 1426 2819 luisse,

291 2850 352 2913 uisi
373 2850 430 2930 qui
451 2851 557 2912 anirno
577 2851 623 2912 sic
643 2857 748 2912 esseut
768 2850 957 2930 comparati.

371 2969 404 3013 v.
426 2946 477 3014 18.
500 2948 649 3026 Quanam
679 2952 776 3012 animi
807 2950 1048 3030 comparatione
1080 2966 1136 3010 eos
1165 2964 1236 3008 esse
1261 2952 1429 3027 oporteret

293 3058 420 3113 utrem
441 3059 683 3132 cognoscerent,
707 3050 855 3115 Christus
876 3049 1014 3113 ludaeos
1035 3049 1206 3128 docuerat,
1222 3047 1286 3109 iam
1307 3049 1356 3110 rei
1377 3067 1429 3111 co-

295 3152 494 3232 gnoscendae
513 3153 668 3215 indicium
688 3154 844 3233 suggerit.
866 3151 1039 3214 Reticetur
1058 3151 1257 3231 assumptio,
1280 3167 1366 3228 quae
1385 3149 1429 3213 sie

293 3261 354 3317 est:
378 3250 479 3334 Atqui
500 3273 560 3335 ego
581 3275 644 3317 non
664 3254 800 3335 pluriam
815 3252 982 3334 propriam
1002 3272 1131 3334 quaero,
1152 3253 1208 3314 sed
1229 3270 1346 3333 quaero
1364 3252 1429 3331 qlo-

292 3350 377 3414 riam
396 3352 463 3414 eius
481 3352 538 3435 qui
556 3352 643 3416 misit
663 3373 709 3415 me
718 3374 735 3427 ;
761 3354 839 3416 item
859 3354 1037 3416 conclusio:
1053 3351 1143 3432 Ergo
1163 3373 1184 3412 a
1203 3371 1250 3412 me
1270 3350 1339 3430 ipso
1364 3370 1428 3413 aaa

294 3455 406 3535 loquar
415 3498 429 3528 ,
451 3461 484 3517 et
503 3475 603 3517 verax
621 3474 700 3518 sum.
717 3490 757 3498 —
771 3454 1002 3518 Animadverte
1022 3460 1062 3518 ut
1085 3453 1252 3518 Christum
1276 3452 1430 3516 virtutem

296 3556 491 3620 humssitatis
506 3558 591 3620 dieat
604 3559 730 3638 signum
746 3564 844 3637 atque
858 3558 1012 3620 indicium
1027 3576 1096 3619 esse
1110 3576 1152 3618 ex
1166 3573 1233 3635 quo
1243 3554 1322 3617 sciri
1334 3560 1432 3634 queat

296 3676 338 3719 an
359 3659 426 3739 ipse
446 3657 507 3721 Dei
527 3661 655 3721 nomine
676 3660 801 3721 doceat.
818 3693 858 3702 —
875 3655 940 3733 Qut
960 3679 981 3718 a
1000 3656 1159 3737 semetipso
1180 3654 1345 3736 loquitur,
1371 3658 1431 3718 hoe

298 3765 359 3838 est,
380 3761 438 3840 qui
458 3780 517 3824 sua
538 3762 657 3842 placita
678 3780 697 3823 a
718 3781 753 3824 se
773 3760 958 3840 excogitata
979 3759 1087 3837 docet,
1101 3758 1211 3838 agitur
1224 3748 1311 3818 enim
1324 3757 1365 3819 (10
1379 3756 1432 3819 do-

299 3861 413 3923 ctrina.
421 3859 632 3924 -Iaiustitia
642 3862 695 3925 hie
706 3863 792 3925 idem
805 3863 893 3926 valet
903 3868 1002 3940 atque
1013 3859 1201 3941 improbitas
1210 3858 1429 3939 pruritusque.

299 3959 385 4043 Lege
405 3960 475 4026 Lih.
500 3961 549 4024 111
570 3964 610 4026 de
630 3963 815 4045 Evangeliis
835 3960 918 4027 Diss.
941 3960 1013 4025 XV.
1034 3979 1066 4022 n.
1088 3958 1139 4024 25.

379 4086 410 4129 v.
433 4062 483 4131 19.
506 4065 571 4142 Qui
592 4069 689 4131 huius
709 4074 743 4130 et
761 4068 1000 4147 insequentium
1025 4081 1181 4128 versuum
1202 4063 1432 4126 connexionem

298 4186 376 4231 eum
396 4169 619 4251 superioribus
640 4170 847 4251 disquirunt,
871 4170 928 4235 vix
948 4167 1127 4248 quidquam
1151 4165 1313 4230 extricant
1320 4185 1334 4246 3
1363 4169 1429 4228 tum
