2986 4912
497 325 598 375 clnvr
622 326 749 373 snxrvn
1167 306 1207 373 69

70 409 200 493 otene),
222 413 397 475 articulum
418 414 549 492 inquam
569 418 602 474 et
621 429 772 492 praesens
793 410 885 473 verbi
911 415 1046 490 tempus.
1077 409 1198 473 Recole

73 530 157 590 qnae
178 512 317 575 diximus
347 513 386 574 dc
400 509 447 574 lo.
465 508 617 587 1,21-25
637 516 670 572 et
689 507 753 586 lv,
775 507 825 573 25.

150 634 182 677 v.
196 612 246 678 17.
267 612 420 678 Venerunt
420 636 437 690 ;
447 632 560 693 graece
575 623 624 679 est
637 608 779 711 ἤρχοντο
794 612 971 686 ueniebant,
987 612 1084 691 idque
1099 612 1199 671 anim-

73 717 244 782 advertere
264 725 410 801 oportet,
432 740 473 786 ne
501 725 572 804 quis
593 731 685 804 putet
707 742 764 798 ea,
787 739 870 801 quac
895 723 1096 798 sequuntur,
1114 717 1198 779 lacta

72 839 141 883 esse
160 828 331 902 postquam
351 826 440 889 navis
460 828 632 907 appulerat
653 821 1038 907 Caphamaum.-lesus
1058 822 1198 883 iusserat

74 920 206 996 quidem
226 921 411 1003 discipuloS,
434 926 518 989 sicut
538 925 670 990 Marcus
691 930 815 1002 narrat,
835 923 996 984 ascendere
1017 918 1142 993 navim,
1164 928 1199 980 ut

64 1024 286 1099 praecederent
311 1044 379 1087 eum
408 1035 497 1088 trans
522 1029 637 1108 fretum
664 1029 707 1090 ad
733 1024 903 1089 Bethsaida
915 1021 979 1104 (1),
1002 1042 1066 1084 non
1092 1027 1199 1084 tamen

73 1128 163 1185 recta
184 1125 248 1186 huc
268 1127 342 1190 navi
371 1129 502 1192 tendere
530 1136 627 1209 atquc
648 1128 839 1210 'appellere;
867 1127 958 1190 nulla
986 1143 1063 1205 ergo
1091 1143 1198 1205 pugna

71 1224 157 1287 inter
177 1227 349 1306 utriusque
370 1230 585 1309 evangelistae
606 1231 835 1293 narrationem.

151 1346 183 1390 v.
205 1325 255 1393 19.
280 1327 414 1393 loannes
434 1331 604 1412 navigandi
632 1333 756 1413 peritus
776 1331 830 1393 vel
850 1348 915 1392 nno
942 1329 1062 1391 intuitu
1082 1329 1199 1390 distan-

72 1427 132 1489 tias
152 1427 288 1490 litorum
308 1433 415 1494 metiri
438 1441 585 1498 noverat.
609 1430 728 1497 Confer
748 1431 795 1495 lo.
811 1430 904 1509 XXI,
920 1429 949 1495 8.
974 1429 1116 1510 Triginta
1136 1436 1200 1492 sta-

70 1528 124 1590 dia
144 1538 220 1593 sunt
241 1532 341 1596 terme
362 1531 407 1595 lV
428 1534 473 1598 M.
497 1534 533 1598 P.
558 1529 647 1598 Fieri
665 1553 742 1617 ergo
763 1555 802 1599 ne
830 1540 959 1615 poterat
985 1537 1023 1594 ut
1050 1529 1198 1611 discipuli

71 1650 90 1692 e
111 1633 186 1694 navi
205 1632 289 1696 inter
310 1635 456 1697 tenebras
476 1637 578 1699 noctis
598 1634 706 1700 lesum
721 1636 868 1701 viderent
881 1635 1089 1697 ambulantem
1102 1651 1199 1712 supra

69 1731 148 1795 titus
167 1733 277 1808 maris,
297 1736 382 1800 sicut
401 1739 481 1800 haec
502 1736 710 1818 interpretari
729 1756 814 1800 unus
829 1755 871 1798 ex
884 1735 948 1798 illis
962 1732 1197 1797 recentioribus

70 1832 341 1913 Protestantibus,
364 1856 461 1917 quem
481 1838 581 1900 ceteri
601 1838 640 1900 de
661 1837 774 1901 eodem
795 1855 891 1917 grege
912 1842 1077 1914 tamquam
1102 1834 1198 1894 mira-

70 1936 184 1999 culum
203 1938 382 2018 suspiciunt
401 1958 439 2002 ac
463 1945 679 2016 venerantur,
708 1940 832 2003 veritus
859 1956 924 2000 non
950 1943 1010 2014 est,
1040 1943 1079 1998 ut
1105 1954 1198 1998 omnc

69 2038 266 2102 miraculum
286 2040 327 2101 ab
346 2043 407 2102 hac
421 2041 561 2127 ‘historia
581 2038 790 2105 removeret?

150 2157 181 2202 v.
203 2135 254 2203 21.
277 2138 339 2202 llla
365 2138 532 2203 Voluerunt
555 2160 626 2220 erqo
654 2139 793 2221 accipere
819 2159 887 2202 eum
913 2139 950 2202 iu
977 2137 1086 2201 nanim
1111 2139 1195 2201 idem

70 2239 183 2302 valent
208 2258 246 2303 ac
272 2247 456 2319 acceperunt
465 2261 482 2314 ;
510 2259 575 2302 non
601 2241 738 2304 insolens
766 2248 815 2304 est
842 2240 927 2321 apud
959 2238 1111 2302 loannem
1136 2240 1197 2302 iste

67 2342 275 2421 pleonasmus
298 2343 387 2406 verbi
408 2343 495 2406 velte.
518 2343 638 2409 Confer
658 2342 705 2407 lo.
729 2341 764 2421 1,
784 2341 843 2423 13,
873 2343 920 2420 V,
941 2339 981 2407 35
988 2364 1000 2422 3
1029 2340 1110 2420 vll,
1139 2339 1194 2421 173

69 2440 162 2520 vlll,
182 2437 233 2509 ll.
256 2441 330 2507 Non
349 2462 446 2525 ergo,
468 2464 553 2524 quae
572 2452 647 2507 sunt
667 2446 699 2507 in
719 2465 751 2508 v.
773 2441 833 2521 21,
855 2444 1018 2508 contraria
1038 2450 1114 2508 sunt
1132 2445 1196 2508 illis

69 2562 155 2624 quae
173 2545 310 2625 legimus
331 2545 363 2608 in
384 2545 500 2610 Matth.
523 2542 618 2622 xlv,
640 2542 689 2609 32.
711 2542 762 2610 33.

151 2664 205 2710 vr.
226 2644 342 2712 25-59.
366 2645 427 2710 Hic
446 2666 553 2710 sermo
573 2648 702 2710 habitus
723 2654 772 2710 est
792 2648 824 2708 in
844 2665 1004 2729 synagoga
1024 2649 1115 2711 urbis
1136 2646 1196 2712 Ca-

70 2748 264 2830 pharnaumi
284 2767 314 2810 v.
336 2745 386 2814 60.
409 2747 494 2811 Eum
509 2749 658 2812 enarravi
678 2749 709 2809 in
735 2746 993 2811 Conamentatione
1013 2750 1049 2809 de
1074 2747 1194 2812 Christo

65 2868 152 2931 pane
171 2848 273 2923 uitam
295 2869 445 2930 quaeque
464 2851 497 2911 in
517 2850 573 2913 illa
594 2851 697 2913 fusius
718 2851 801 2913 dicta
821 2857 908 2927 sunt,
929 2851 1143 2931 perstringam
1163 2851 1195 2912 in

70 2953 237 3016 hocloco.
260 2951 310 3015 En
330 2951 428 3015 totius
447 2951 603 3015 sermonis
621 2950 781 3035 synopsin.

396 3195 613 3263 SERMONIS
632 3195 864 3262 EXORDIVM

144 3423 236 3492 uum
257 3445 326 3489 cum
344 3423 535 3487 invenissent
555 3443 623 3486 eum
644 3433 732 3486 trans
753 3442 850 3496 mara,
873 3422 1022 3486 dinerunt
1046 3423 1091 3484 ei:
1107 3421 1190 3487 Rac-

63 3528 114 3604 u‘,
135 3529 262 3610 quanda
281 3529 340 3592 duc
361 3521 503 3588 uenisti?

29 3652 31 3657 ’
142 3627 184 3694 26
202 3627 372 3710 Respondit
392 3627 435 3690 eis
456 3626 555 3700 lesus,
577 3637 605 3689 et
625 3625 725 3688 dimit:
748 3624 858 3700 Amen,
881 3646 971 3688 umen
992 3626 1061 3688 dica
1082 3626 1187 3688 uadis:

62 3729 216 3813 quaeritis
233 3750 280 3793 me
300 3748 365 3792 non
385 3727 461 3809 quia
480 3727 604 3791 uidistis
624 3728 728 3808 sigua,
745 3730 797 3790 sed
821 3727 896 3808 quia
915 3727 1129 3791 manducastis
1149 3748 1188 3788 eu

57 3830 210 3914 panibus,
231 3840 261 3894 et
279 3829 417 3893 saturati
436 3829 517 3892 estis.

135 4132 171 4203 (¹)
189 4136 271 4191 Marc.
290 4137 338 4205 vl,
356 4132 397 4186 15.
