2986 4912
178 315 238 387 tbt
521 338 551 383 m
573 336 711 383 roronem
734 335 984 382 connrrrsmvn

182 421 338 501 quodque
359 420 536 500 utrobique
556 421 666 484 verbis
692 438 758 481 ooo
785 418 916 498 potestis
947 417 1065 480 croire.
1100 415 1217 497 Neque
1249 432 1329 479 vero

183 522 309 601 logicus
330 521 422 584 deest
441 523 562 596 horum
583 522 747 584 dictorum
768 521 864 595 ordo,
880 521 937 600 qui
951 520 997 582 sie
1012 524 1070 582 est:
1091 516 1256 593 (luceretis
1269 536 1327 589 me,

183 631 212 683 et
232 641 297 685 oon
317 620 502 695 invenietis,
526 623 625 701 quia,
648 620 711 685 obi.
723 641 776 701 epo
797 641 888 698 sum,
911 640 972 701 quo
992 640 1046 700 epo
1066 621 1164 693 codo,
1186 639 1242 681 ooo
1264 637 1328 680 oon

177 722 309 803 potestis
328 721 435 784 venire
444 766 456 796 ,
488 741 563 785 nam
587 720 769 802 imprecato
793 730 894 782 oestro
925 719 1114 782 moriemini.
1148 719 1262 796 Quum
1292 716 1328 780 ia

179 831 309 902 peccato
329 841 385 883 suo
406 822 560 884 morituri
581 829 697 898 essent,
720 840 784 882 non
804 825 956 900 poterant
976 820 1055 882 illuc
1076 820 1125 882 ire
1146 838 1213 898 quo
1234 816 1328 882 Chri·

182 930 252 986 stus
273 923 351 999 ibat,
375 940 545 1001 quumque
567 922 647 983 illuc
668 921 717 983 ire
738 939 801 982 non
823 925 964 1000 possent,
985 939 1092 999 neque
1112 921 1218 1000 ipsum
1239 918 1327 981 inve·

182 1024 252 1085 nire
274 1027 434 1102 poterant.
459 1020 541 1084 Mali
562 1040 641 1100 ergo
663 1021 779 1100 origo,
803 1028 841 1083 ut
861 1025 1019 1101 apparet,
1041 1021 1099 1082 illa
1120 1026 1213 1096 erat,
1236 1018 1326 1099 quod

184 1122 336 1184 luturum
358 1129 442 1184 esset
462 1128 500 1183 ut
520 1119 557 1182 o'o
573 1129 704 1200 peccato
724 1139 780 1182 coo
802 1127 1026 1200 morerentur3
1049 1122 1112 1184 boe
1132 1125 1241 1183 tamen
1262 1136 1326 1182 non

183 1221 280 1284 aliter
300 1221 361 1284 nisi
383 1222 423 1297 si,
444 1226 483 1282 ut
503 1221 571 1302 ipse
593 1217 741 1284 Christus
763 1221 795 1282 id
816 1222 930 1302 paullo
950 1221 1088 1284 inferius
1107 1239 1139 1284 v.
1161 1215 1202 1286 24
1221 1219 1327 1300 expli·

183 1329 247 1399 cat,
269 1340 334 1384 non
354 1323 525 1385 crederent
546 1320 622 1402 quio
643 1321 708 1402 ipse
729 1330 783 1383 est.

262 1442 317 1487 vv.
338 1421 389 1486 23.
410 1421 461 1488 24.
490 1422 586 1498 Quod
615 1421 728 1486 ludaei
753 1442 816 1486 non
843 1424 1088 1504 intelligebant,
1114 1423 1146 1484 id
1174 1421 1324 1486 Christus

181 1523 260 1604 ipsis
279 1524 425 1604 exponit.
450 1522 532 1586 Rem
555 1524 651 1588 facile
672 1530 779 1586 mente
801 1543 1025 1603 assequemur,
1041 1524 1068 1587 si
1082 1524 1325 1586 meminerimus

182 1632 221 1686 nt
241 1621 398 1686 Christus
426 1625 503 1686 alibi
527 1643 616 1701 suos,
643 1626 705 1688 boc
725 1631 785 1701 ost,
802 1626 859 1704 qui
884 1626 916 1685 in
937 1626 1043 1705 ipsum
1067 1626 1217 1701 credunt,
1239 1624 1325 1686 affir-

182 1725 321 1788 maverit
341 1744 406 1787 non
426 1745 496 1789 esse
517 1727 557 1789 de
582 1728 703 1790 mundo
717 1724 758 1807 (l)
768 1748 779 1806 3
797 1728 854 1805 qui
874 1745 952 1806 ergo
975 1727 1015 1789 dc
1036 1728 1157 1789 mundo
1177 1734 1269 1804 sunt,
1292 1726 1323 1788 in

181 1825 349 1892 Christum
376 1847 440 1891 non
469 1830 619 1892 credunt.
647 1826 760 1890 Iudaei
785 1830 991 1910 disputabant
1016 1830 1055 1890 de
1080 1847 1177 1891 sensu
1207 1829 1325 1892 verbo·

181 1946 257 1991 rum
277 1947 338 2009 quo
359 1948 412 2010 eqo
434 1930 529 2003 codo,
550 1949 605 1990 ooo
626 1948 691 1990 ooo
707 1928 839 2008 potestis
859 1927 979 2003 occire,
1001 1930 1222 2009 praeteribant
1244 1947 1323 1993 vero

180 2030 238 2091 illa
259 2031 460 2112 apertissima
482 2038 581 2110 atque
607 2033 770 2094 horrenda
795 2030 831 2091 io
851 2039 981 2110 peccato
1005 2039 1106 2092 oestro
1129 2028 1320 2093 moriemini.

180 2130 331 2195 Christus
351 2152 429 2211 ergo
452 2133 689 2212 disputantibus
711 2152 749 2196 ao
770 2133 992 2195 dubitantibus
1017 2132 1235 2212 respondens,
1259 2151 1322 2194 non

179 2232 261 2294 adeo
282 2233 353 2307 illa,
376 2233 417 2294 de
437 2233 557 2311 quibus
578 2233 797 2313 disputabant,
815 2251 914 2310 quam
935 2233 1015 2294 hacc
1036 2234 1141 2294 altera
1161 2236 1200 2294 ut
1219 2233 1324 2312 probe

179 2333 398 2413 perciperent,
414 2334 556 2409 curavit,
572 2333 691 2413 quibus
713 2333 875 2413 perceptis
897 2339 930 2394 et
949 2333 1007 2394 illa
1028 2333 1140 2412 priora
1160 2331 1255 2394 nullo
1268 2350 1324 2395 ne-

180 2434 268 2514 gotio
289 2435 477 2515 percepturi
498 2441 613 2496 essent.
630 2431 715 2497 Vsus
731 2441 840 2496 autom
852 2441 901 2495 est
921 2434 1177 2516 syllogismo,'ut
1191 2441 1321 2511 vocant,

180 2533 420 2608 conditionate,
444 2535 537 2597 cuins
559 2536 736 2615 propositio
759 2541 807 2597 est
827 2535 861 2595 in
882 2535 987 2596 altera
1008 2541 1102 2615 parte
1125 2553 1239 2597 versus
1260 2530 1321 2611 24,

181 2635 359 2719 assumptio
381 2636 533 2698 inversu
553 2633 609 2711 23,
634 2635 817 2715 complexio
839 2637 871 2695 in
892 2635 997 2714 prima
1019 2640 1111 2715 parte
1133 2654 1249 2698 versus
1271 2633 1320 2702 24.

164 2733 370 2816 Ἀεειιηιρῑίο
393 2736 525 2815 quidem
545 2755 610 2797 non
631 2755 784 2815 expresse
806 2736 973 2798 enuntiata
993 2742 1059 2811 est,
1080 2735 1136 2797 sed
1168 2735 1322 2815 implicita

179 2837 213 2900 in
233 2838 301 2918 ipsa
322 2839 371 2900 rei
392 2856 520 2913 caussa,
543 2853 648 2916 quam.
664 2834 814 2901 Christus
837 2837 942 2915 aperit
953 2856 964 2915 3
989 2855 1092 2915 quum
1113 2837 1198 2898 enim
1218 2837 1325 2899 aiebat

181 2934 320 3000 Iudaeos
340 2938 376 2997 de
396 2936 512 2998 muodo
528 2955 609 3013 esse,
625 2937 826 3015 sequebatur
847 2943 885 2997 ut
906 2935 939 2997 bi
961 2936 1089 2998 minime
1110 2934 1143 2996 in
1163 2955 1239 2998 eum
1255 2943 1325 3000 cre

180 3038 305 3102 dorent.
321 3035 435 3100 Potius
451 3043 561 3100 autem
583 3038 632 3099 rei
654 3057 801 3101 caussam
816 3057 914 3116 quam
931 3039 1033 3118 ipsam
1047 3058 1118 3101 rem
1132 3039 1204 3100 ideo
1224 3057 1324 3101 enun-

181 3140 286 3216 tiavit,
309 3146 347 3201 ut
362 3139 559 3218 quaestionis
581 3147 613 3200 et
634 3140 851 3219 responsionis
873 3140 1033 3219 quaedam
1053 3140 1202 3219 analogia
1217 3149 1324 3202 exsta·

179 3248 244 3319 ret3
267 3259 370 3320 quum
392 3240 477 3302 enim
499 3236 611 3301 Iudaei
633 3245 832 3319 quaererent
852 3240 892 3303 de
912 3242 986 3302 loco
1009 3259 1075 3320 quo
1097 3240 1246 3304 Christus
1262 3242 1325 3304 itu·

182 3361 240 3405 rus
261 3348 361 3418 esset,
384 3360 445 3405 cur
465 3340 525 3421 ipsi
546 3341 627 3403 illuc
648 3341 696 3403 ire
716 3341 901 3420 nequirent,
916 3340 1065 3405 Christus
1087 3343 1254 3422 respondit
1275 3361 1325 3404 ra·

181 3444 301 3506 tionem
322 3443 460 3505 afferens
485 3442 619 3522 petitam
646 3442 886 3520 quodammodo
918 3462 936 3504 e
968 3444 1120 3505 locorum
1149 3443 1322 3519 distantia,

179 3547 331 3609 videlicet
351 3565 406 3608 eos
428 3546 463 3606 de
484 3546 626 3606 deorsum
641 3563 723 3621 esse,
740 3563 773 3606 se
789 3564 870 3608 vero
884 3546 921 3605 de
935 3544 1093 3625 superatis,
1108 3565 1163 3608 eos
1179 3545 1214 3605 de
1232 3565 1324 3607 mna·

180 3647 233 3719 do,
254 3665 289 3708 se
309 3664 374 3706 non
394 3646 483 3706 item.
497 3642 610 3705 -Sed
631 3644 710 3723 quid
732 3644 789 3705 illa
810 3643 887 3725 qnia
908 3663 962 3724 eqo
982 3640 1079 3707 som?
1095 3643 1235 3719 Quinam
1258 3647 1324 3726 ipse

179 3746 221 3808 sit
242 3753 300 3809 aut
320 3746 496 3825 quidnam,
519 3742 669 3808 Christus
690 3763 756 3807 non
776 3744 862 3807 dicit.
886 3742 918 3808 Si
939 3746 1016 3809 huic
1038 3746 1139 3809 verbo
1160 3764 1229 3807 sum
1249 3747 1325 3810 sim-

182 3847 261 3929 plex
281 3865 319 3910 ea
341 3847 429 3908 notio
450 3845 598 3908 subesset
618 3847 858 3935 quae'propria
878 3847 979 3928 ipsius
994 3853 1054 3923 est,
1070 3847 1191 3911 stultus
1206 3848 1325 3911 haben-

178 3949 240 4012 dus
260 3947 368 4029 potius
388 3947 414 4009 is
436 3946 560 4023 luisset,
582 3947 723 4025 quinon
744 3948 894 4012 crederet
915 3945 1024 4012 Iesum
1045 3967 1126 4027 esse,
1151 3965 1251 4029 quem
1274 3953 1322 4010 ta·

253 4118 288 4186 (ε)
307 4121 347 4170 10.
367 4117 427 4186 xv,
448 4114 491 4183 19,
511 4116 596 4188 xvn,
615 4115 659 4167 rr.
680 4115 724 4170 ro.
