2986 4912
301 300 362 368 1⁶28
634 317 664 363 nv
687 315 824 363 volsar-:n
846 313 1096 362 conservamur

299 403 353 478 sit,
362 418 426 465 non
446 398 573 475 Mum,
598 399 654 462 sed
670 407 795 479 patrem
814 416 892 461 eum
912 402 1029 474 vocat,
1055 399 1102 460 ita
1121 404 1160 460 ut
1178 399 1260 460 haec
1278 400 1438 462 sententia

298 503 373 566 inde
392 507 510 566 exstet:
531 499 565 564 Si
585 501 743 576 homines,
765 519 848 580 quos
867 497 957 562 Deus
976 501 1177 580 alloquitur,
1197 497 1251 561 Dii
1270 502 1439 581 appellare

301 616 369 684 tur,
391 606 503 687 quidni
523 604 610 668 tilius
631 603 691 667 Dei
710 606 738 666 is
758 605 919 667 habeatur
939 604 1033 666 cuius
1052 603 1110 666 ille
1129 610 1225 684 pater
1242 602 1319 667 est?
1340 601 1438 679 Quod

296 711 397 790 igitur
416 705 505 771 Deus
526 704 646 770 Christi
667 713 761 787 pater
781 706 834 783 sit,
857 723 973 769 caussa
992 706 1051 767 illa
1071 711 1121 768 est
1141 724 1204 769 cur
1215 707 1330 770 verius
1344 705 1439 771 Chri-

296 819 366 875 stus
385 810 473 873 tilius
493 809 566 885 Dei,
586 825 757 887 unumque
778 826 853 871 cnm
874 813 979 889 patre,
1002 813 1101 888 atque
1121 809 1204 871 adeo
1216 807 1305 872 Deus
1320 809 1440 871 hahea-

298 918 370 988 tur,
393 928 492 990 quam
512 909 562 970 illi
582 909 791 989 appellentur
809 905 873 970 Dii.
896 905 1022 970 Verum
1043 925 1085 968 an
1104 925 1236 970 necesse
1256 913 1305 970 est
1326 909 1440 972 crede-

297 1032 335 1076 re
354 1013 484 1075 nomina
500 1018 624 1090 patrem
655 1016 688 1072 et
718 1007 821 1088 fitium
851 1015 1012 1089 usurpata
1041 1010 1212 1090 proprium
1243 1010 1276 1070 in
1305 1028 1439 1073 semum

298 1110 396 1176 esse?
410 1109 607 1174 Admodum.
631 1108 771 1174 Necesse
791 1127 932 1189 namque
952 1115 1001 1171 est
1020 1110 1149 1171 nomina
1164 1118 1258 1189 poter
1288 1115 1323 1172 et
1352 1109 1439 1190 filias

299 1215 331 1276 id
352 1213 495 1288 valeant,
517 1230 584 1292 quo
604 1211 682 1273 illae
703 1211 787 1273 duae
807 1210 1044 1290 propositiones
1065 1209 1133 1289 Epo
1164 1220 1194 1272 et
1218 1218 1312 1290 poter
1338 1228 1439 1272 onum

298 1332 405 1377 eumue
426 1320 459 1376 et
478 1311 584 1376 Filios
604 1310 665 1374 Dei
683 1330 752 1373 sam
772 1311 877 1374 altera
897 1330 958 1392 pro
979 1312 1099 1388 altera,
1122 1311 1438 1391 quemadmodum

300 1414 431 1479 Christo
452 1415 576 1478 factum
596 1433 665 1477 esse
686 1413 1002 1491 demonstravimus,
1028 1414 1131 1495 accipi
1151 1414 1272 1494 possit3
1304 1419 1357 1476 ast
1375 1415 1438 1476 hoc

300 1517 372 1581 lieri
391 1516 564 1597 nequiret,
587 1515 613 1578 si
633 1533 672 1578 ea
693 1515 822 1577 nomina
841 1533 905 1576 non
926 1516 959 1576 in
979 1535 1096 1580 verum
1117 1534 1156 1578 ac
1175 1516 1349 1597 proprium
1369 1535 1439 1579 sen-

299 1638 373 1682 sum
393 1619 642 1699 acciperentur,
665 1616 715 1692 si,
747 1616 901 1693 inquam,
933 1634 997 1678 non
1018 1615 1192 1696 utriusque
1212 1616 1439 1697 appellationis

299 1719 385 1782 ratio
405 1737 448 1781 ex
467 1723 599 1794 natura,
615 1733 700 1797 quae
720 1716 808 1798 patri
828 1723 862 1779 et
875 1713 1005 1780 Christo
1026 1717 1093 1779 lilio
1114 1717 1293 1779 communis
1308 1723 1372 1794 est,
1388 1735 1440 1799 pe

300 1825 437 1885 teretur.
462 1816 529 1880 Fac
549 1817 634 1880 enim
655 1817 688 1878 in
707 1817 813 1898 prima
833 1817 1055 1898 propositione
1075 1835 1175 1879 eoum
1197 1835 1263 1879 non
1287 1823 1440 1881 naturam

299 1941 381 1998 esse,
403 1920 472 1997 sed,
494 1919 587 1984 verbi
609 1919 725 1999 gratia,
749 1919 1010 1981 coniunctionem
1029 1919 1259 1996 voluntatum,
1281 1920 1316 1982 in
1336 1921 1439 1982 altera

297 2021 405 2087 Deum
419 2029 566 2102 patrem,
599 2017 702 2098 fitium
724 2017 891 2082 Christum
912 2020 1073 2100 appellari
1093 2020 1273 2082 secundum
1294 2020 1440 2102 adoptio

298 2142 395 2202 nem5
429 2140 507 2184 num
528 2121 693 2198 integrum
713 2116 843 2182 Christo
864 2119 978 2182 fuisset
997 2120 1136 2182 alteram
1163 2119 1438 2197 enuntiationem,

302 2226 388 2290 sicut
409 2223 508 2299 iecit,
541 2240 602 2303 pro
623 2221 729 2285 altera
749 2239 893 2302 ponere,
925 2228 958 2285 et
978 2222 1140 2284 affirmare
1158 2239 1195 2290 ‚oe
1215 2223 1279 2284 hoc
1298 2222 1440 2285 alterum

300 2325 431 2399 dixisse,
454 2341 559 2402 quum
579 2326 699 2398 minen,
705 2338 770 2383 non
790 2321 865 2398 hoc,
875 2323 931 2384 sed
944 2321 1029 2385 illud
1042 2321 1135 2401 prius
1149 2339 1208 2384 ore
1225 2319 1440 2401 protulisset?

301 2425 394 2489 Hanc
406 2423 506 2486 huius
525 2421 592 2484 loci
613 2422 912 2502 interpretationem
931 2423 1153 2486 confirmatam
1167 2441 1245 2485 mox
1259 2423 1439 2486 videbimus

301 2526 340 2590 iis
361 2543 446 2606 quae
466 2523 596 2585 suntin
615 2540 669 2586 vv.
692 2519 809 2587 37-39.

382 2624 529 2689 Verbum
543 2620 742 2702 sanctificare
755 2624 837 2684 nihil
850 2625 940 2687 aliud
954 2624 1076 2687 Latinis
1089 2640 1206 2687 sonare
1219 2631 1329 2707 potest
1346 2643 1440 2705 quam

303 2735 451 2794 sanctum
472 2724 600 2788 efficere
621 2725 710 2805 qnod
731 2726 796 2788 tale
817 2745 881 2788 non
903 2733 962 2788 est.
985 2724 1023 2787 ln
1043 2726 1150 2790 bibliis
1170 2735 1278 2789 tamen
1302 2728 1441 2809 amplior

302 2832 380 2894 huic
399 2826 502 2893 verbo
522 2825 668 2889 subiecta
688 2828 778 2890 notio
801 2829 989 2908 reperitur,
1022 2847 1096 2892 nam
1127 2829 1159 2890 id
1191 2830 1377 2909 respondet,
1390 2830 1442 2892 he

302 2931 413 2994 braiao
434 2936 535 3024 wip,
554 2926 642 3004 quod
663 2933 834 3007 praeterea
854 2929 1014 3008 significat
1034 2930 1179 3008 aliquam
1200 2949 1269 2991 rem
1290 2935 1352 2992 aut
1371 2948 1441 3011 per·

303 3049 415 3095 sonam
435 3048 473 3091 ea
494 3027 651 3107 religione
671 3031 825 3108 prosequi
846 3037 944 3111 atque
975 3035 1096 3097 hahere
1117 3053 1216 3113 quam
1237 3033 1307 3096 eins
1328 3032 1442 3096 sancti

304 3138 352 3193 tas
373 3130 485 3210 exigit,
499 3129 579 3197 item
600 3128 678 3189 dare
699 3147 832 3209 operam
853 3136 891 3194 ut
912 3133 974 3195 hoc
994 3134 1100 3214 ipsum
1122 3135 1178 3195 alii
1198 3133 1332 3213 laciant3
1347 3134 1395 3194 ita
1408 3137 1442 3195 ut

304 3231 427 3312 triplex
446 3229 488 3292 sit
508 3228 606 3291 huius
627 3229 720 3292 verbi
734 3247 813 3292 usus
828 3249 889 3310 pro
903 3234 965 3296 hac
979 3235 1098 3315 triplici
1112 3236 1182 3298 eius
1200 3234 1440 3315 significatione.

304 3331 415 3409 Quum
435 3329 524 3393 Deus
545 3330 689 3408 aliquem
710 3332 911 3396 sanctificare
933 3337 1075 3413 dicitur,
1097 3338 1203 3418 liquet
1231 3338 1346 3399 locum
1377 3351 1442 3398 esse

303 3453 367 3497 non
386 3452 479 3515 posse
500 3432 559 3494 nisi
579 3431 703 3511 primae
735 3433 789 3495 vel
819 3437 935 3499 tertiae
965 3439 1199 3519 significationi.
1229 3438 1382 3518 Vtraque
1412 3437 1441 3498 in

304 3533 470 3599 Christum
489 3530 684 3630 θεανθρωπον
706 3537 865 3598 convenit.
900 3537 983 3602 Nam
1015 3547 1109 3621 pater
1139 3539 1304 3605 Christum
1338 3539 1442 3602 filium

303 3639 450 3696 sanctum
471 3634 598 3711 eliecit,
621 3653 686 3715 qua
708 3634 839 3714 quidem
860 3637 912 3699 hic
932 3636 1020 3702 Deus
1042 3645 1102 3716 est,
1124 3640 1328 3703 sanctitatem
1353 3656 1443 3702 suam

304 3752 453 3812 omnem,
486 3737 555 3800 hoc.
569 3743 618 3808 est
636 3737 740 3817 ipsam
761 3736 902 3800 divinam
923 3748 1097 3818 naturam,
1130 3760 1205 3804 cum
1227 3759 1266 3804 eo
1287 3740 1329 3802 ah
1358 3738 1441 3804 omni

305 3837 495 3900 aeternitate
516 3837 767 3916 communicans,
791 3857 856 3918 qua
877 3858 958 3904 vero
980 3842 1078 3905 homo
1099 3848 1160 3919 est,
1182 3843 1361 3905 humanam
1374 3842 1440 3904 eius

305 3941 457 3999 naturam
478 3934 720 4027 ὁμοΰποστατον
742 3938 860 4003 iaciens
882 3960 957 4004 cum
986 3943 1104 4006 divina.
1135 3941 1307 4018 Quomodo
1336 3950 1441 4006 autem

306 4040 473 4104 curaverit
492 4047 530 4105 ut
550 4047 726 4124 utramque
740 4041 798 4104 filii
812 4041 1026 4120 sanctitatem,
1040 4043 1183 4106 divinam
1197 4043 1332 4122 inquam
1346 4047 1441 4122 atque

262 4140 265 4149 “
307 4139 493 4221 humanam,
515 4144 596 4206 haec
617 4163 730 4208 rerum
751 4143 945 4209 universitas
966 4144 1145 4224 suspiceret
1158 4164 1198 4208 ac
1216 4150 1439 4218 veneraretur,
