2986 4912
525 300 626 352 utrm
650 302 808 354 srrrruru
1182 293 1221 361 87

191 388 244 470 28
270 392 460 470 Clamabat
487 417 572 492 ergo
600 396 702 471 Iesus
729 398 766 470 in
807 396 945 494 templo
983 398 1143 486 doeens,
1176 416 1215 476 et

85 526 221 600 diceus:
243 522 291 597 Et
309 546 367 596 me
396 522 509 608 scitis,
538 537 576 598 et
603 525 697 598 unde
725 525 795 598 sim
823 525 937 599 scitis:
959 523 997 601 et
1016 551 1036 601 a
1057 552 1114 601 me
1135 528 1214 626 ipso

86 677 160 726 uun
187 637 283 736 reni',
311 650 375 724 sed
401 662 459 724 est
486 673 608 737 verus,
635 652 697 748 qui
725 653 826 727 misit
852 676 925 740 me,
940 677 1048 750 quem
1069 679 1133 729 vos
1152 680 1217 731 ue-

88 780 203 854 scitis.

193 901 246 981 29
273 906 350 1004 Ego
378 907 453 981 scio
480 930 577 982 eum:
606 909 691 1004 quia
720 908 766 981 ab
793 910 872 1006 ipso
892 933 988 995 sum,
1008 922 1046 984 et
1064 910 1142 1007 ipse
1159 933 1216 985 me

88 1036 201 1110 misit.

195 1157 246 1237 30
274 1161 505 1253 Quaerebant
532 1187 618 1259 ergo
647 1186 731 1236 eum
759 1164 1051 1262 apprehendere:
1086 1177 1124 1240 et
1160 1189 1219 1238 ue·

89 1315 149 1365 mo
176 1291 277 1364 misit
303 1291 340 1363 iu
367 1290 470 1364 illum
497 1313 640 1377 manus,
669 1291 752 1387 quia
780 1292 940 1366 nondum
968 1306 1120 1366 venerat
1150 1292 1218 1366 ho-

88 1443 129 1493 ra
158 1419 250 1493 eius.

195 1540 242 1620 31
275 1545 327 1622 De
356 1546 462 1620 turba
490 1560 615 1621 autem
644 1545 749 1620 multi
778 1547 1007 1621 crediderunt
1040 1547 1076 1619 in
1104 1570 1216 1632 eum,

89 1687 127 1749 et
154 1674 343 1749 dicebant:
373 1674 540 1748 Christus
568 1697 651 1747 cum
693 1676 853 1759 venerit,
895 1675 1068 1771 numquid
1114 1675 1217 1771 plura

91 1803 192 1901 signa
221 1802 330 1876 saciet
358 1826 466 1900 quam
494 1825 585 1899 quae
615 1802 673 1874 hic
701 1798 818 1875 facit?

198 1924 249 2004 32
277 1930 479 2006 Audierunt
515 1929 700 2002 Pharisaei
740 1929 885 2002 turbam
928 1941 1217 2003 murmurantem

90 2058 135 2133 de
163 2057 225 2131 illo
252 2058 362 2132 haee:
393 2070 431 2133 et
457 2057 636 2131 miserunt
666 2056 848 2153 principes
877 2067 915 2129 et
942 2054 1126 2129 Pharisaei
1152 2059 1221 2131 mi-

88 2185 225 2260 nistros
252 2199 294 2260 ut
321 2185 634 2283 apprehenderent
661 2207 759 2257 eum.

196 2307 248 2389 33
275 2312 377 2386 Dixit
395 2337 481 2410 ergo
504 2313 558 2386 eis
585 2313 703 2386 lesus:
725 2311 852 2386 Adhuc
871 2311 1054 2385 modicum
1073 2324 1219 2408 tempus

91 2443 281 2519 vobiscum
309 2466 403 2516 sum:
433 2454 471 2515 et
499 2442 591 2515 vado
620 2441 664 2514 ad
694 2464 792 2526 eum,
821 2440 882 2538 qui
910 2463 974 2513 me·
998 2439 1111 2514 misit.

198 2563 251 2645 34
278 2567 469 2659 Quaeretis
496 2593 569 2654 me,
598 2581 635 2643 et
662 2591 733 2642 nun
761 2566 967 2642 invenietis:
997 2581 1035 2640 et
1061 2565 1123 2639 ubi
1153 2590 1220 2663 ego

92 2724 188 2786 sum,
216 2724 281 2773 vos
308 2723 380 2773 non
407 2698 560 2795 potestis
587 2697 724 2772 venire.

198 2823 249 2904 35
277 2827 455 2901 Dixeruut
483 2850 568 2924 ergo
596 2825 718 2900 ludaei
747 2825 791 2898 ad
808 2824 1045 2921 semetipsos:
1063 2819 1143 2911 Quo
1162 2821 1221 2894 hic

93 2957 210 3032 iturus
238 2969 316 3043 est,
344 2955 427 3053 quia
460 2980 531 3029 nou
573 2954 799 3028 inveniemus
832 2948 947 3025 enm?
980 2949 1155 3047 numquid
1183 2950 1220 3021 in

91 3085 355 3184 dispersionem
383 3083 553 3158 Gentium
581 3086 698 3157 iturus
718 3092 789 3167 est,
808 3094 847 3154 et
865 3080 1037 3154 docturus
1053 3074 1220 3152 Gentes?

197 3205 249 3286 36
276 3209 364 3301 Quis
392 3223 449 3284 est
476 3210 535 3284 hie
563 3232 711 3294 sermo,
739 3230 847 3304 quem
884 3205 997 3278 dixit:
1026 3200 1218 3293 Quaeretis

88 3363 163 3423 me,
191 3354 229 3414 et
255 3363 328 3413 uon
356 3338 566 3414 invenietis:
588 3350 625 3412 et
652 3335 714 3410 ubi
743 3356 823 3408 sum
851 3356 936 3430 ege,
954 3356 1019 3405 vos
1047 3354 1119 3405 non
1138 3343 1220 3427 pot-

88 3470 179 3544 estis
206 3466 360 3543 venire?

193 3590 244 3671 37
273 3598 313 3670 ln
340 3595 538 3670 novissimo
553 3608 676 3668 autem
696 3593 753 3666 die
773 3614 904 3688 magno
919 3587 1129 3662 festivitatis
1145 3598 1221 3659 sta-

86 3726 152 3800 bat
178 3726 293 3811 Iesus,
321 3737 360 3798 et
386 3722 581 3807 clamabat,
610 3720 749 3793 dicens:
779 3717 817 3790 Si
844 3717 926 3813 quis
962 3716 1066 3799 sitit,
1095 3712 1219 3788 veniat

89 3856 135 3930 ad
161 3877 235 3942 me,
263 3866 302 3928 et
328 3851 442 3926 bibat.

195 3975 246 4057 38
274 3978 486 4071 Quinem
514 3979 550 4051 in
577 4000 650 4065 me,
679 3976 773 4050 sicut
800 3956 888 4048 dicit
915 3971 1123 4069 Scriptura,
1152 3968 1219 4043 ilu-

89 4112 188 4186 miua
214 4112 259 4187 de
287 4121 414 4188 ventre
443 4109 520 4185 eius
548 4107 662 4182 ssueut
689 4127 804 4202 aquae
833 4103 948 4178 vivae.
