2986 4912
169 301 228 372 112
519 327 548 372 m
571 325 707 372 roannan
729 326 976 374 connanrnmvu

254 429 307 474 vv.
331 408 409 474 1-5.
434 409 608 491 deprimo
630 412 933 474 inuniversumde
961 411 1065 488 ostio,
1097 409 1151 474 cui
1178 416 1311 493 pateat,

170 507 278 592 deque
300 518 442 592 pastore,
459 513 538 591 quid
559 530 635 574 eum
649 531 745 592 agere
760 519 922 592 oporteat,
938 514 1049 593 paucis
1063 513 1206 595 disserit3
1230 526 1312 594 quae

168 618 217 674 est
237 611 339 674 huius
361 612 648 692 argumentationis
671 614 860 693 propositio.
884 611 1023 676 Attouda
1043 614 1189 677 ordinem
1213 615 1311 678 dioto

170 731 256 790 rum,
280 718 383 792 utque
404 713 509 792 primo
531 712 666 786 ostium,
689 713 801 777 deinde
822 716 944 794 furem,
968 720 1036 776 tum
1052 723 1234 794 pastorem,
1255 734 1311 796 po·

169 819 292 876 stremo
313 812 453 875 alienum
475 813 623 877 Christus
645 821 878 878 commemoret
888 837 900 894 3
934 833 1031 895 quem
1052 817 1204 878 eumdem
1226 817 1312 878 ordi-

169 934 243 978 nem
264 936 341 979 mox
361 924 563 996 sequuturos
584 923 633 979 est
654 919 735 980 hanc
756 918 997 980 similitudinem
1012 917 1052 979 ad
1073 937 1107 980 se
1125 919 1302 998 applicans.

252 1037 284 1081 v.
308 1015 337 1082 6.
360 1016 496 1095 Verum,
513 1037 616 1097 quum
637 1016 785 1081 Christus
806 1038 840 1081 se
860 1019 948 1081 hand
968 1019 1178 1095 nominasset,
1199 1017 1310 1083 ludaei

174 1136 239 1178 noa
260 1127 472 1196 aequaverunt
491 1139 566 1186 τινα
583 1115 622 1197 ἦν
638 1113 660 1184 ἁ
674 1115 776 1187 {lala
798 1138 952 1199 quaenam
967 1127 1057 1180 erant
1069 1137 1148 1199 quae
1169 1119 1310 1200 loqueba

176 1228 228 1282 tur
247 1220 301 1283 eis.
324 1219 486 1283 Dictiones
506 1220 584 1302 quid
603 1230 659 1295 est,
668 1240 823 1302 quaenam
841 1229 945 1293 erant,
960 1223 993 1282 in
1006 1221 1310 1302 interrogationibus

175 1321 338 1384 indirectis
359 1322 444 1384 idem
465 1323 574 1384 valent
601 1340 640 1383 ac
671 1320 748 1402 quid
778 1320 959 1400 siqaifieat,
991 1339 1128 1401 quonam
1158 1328 1309 1402 spectant.

177 1419 297 1485 Conier
318 1420 435 1484 Matth.
457 1420 515 1498 tx,
536 1419 589 1502 133
610 1420 686 1499 XII,
708 1419 744 1501 75
768 1420 870 1484 Marc.
893 1420 956 1499 lx,
978 1418 1008 1486 9.
1033 1420 1145 1484 ludaei
1165 1440 1247 1502 ergo
1267 1423 1311 1483 di·

178 1529 299 1587 cuutur
319 1542 384 1585 non
403 1523 622 1600 intellexisse,
650 1542 714 1586 uon
735 1523 865 1602 quidem
886 1525 1008 1601 verba,
1035 1541 1118 1604 quae
1139 1525 1310 1604 perspicua

180 1628 284 1701 orant,
305 1623 362 1684 sed
383 1642 449 1702 quo
471 1642 508 1684 ea
530 1630 723 1704 spectarent.

261 1721 372 1799 Quare
392 1722 540 1788 Christus
561 1744 630 1787 rem
651 1725 802 1806 explicat.
824 1723 862 1786 lu
883 1725 1048 1805 proposita
1063 1725 1215 1805 superius
1230 1724 1311 1787 simi-

179 1825 314 1888 litudine
334 1827 384 1903 is,
407 1827 464 1905 qui
485 1828 584 1889 intrat
604 1845 664 1907 per
685 1828 826 1904 ostium,
850 1827 938 1903 iuri,
954 1832 1066 1906 pastor
1085 1826 1191 1889 alieno
1213 1844 1310 1908 oppo-

182 1932 317 2005 nuntur3
339 1927 416 1989 item
438 1927 474 1989 iit
494 1928 526 1988 in
548 1928 608 1989 hae
627 1927 845 1990 similitudinis
866 1926 1092 2007 explicatione.
1256 1996 1260 2005 .

261 2046 316 2092 vv.
338 2023 436 2094 7-10.
460 2025 607 2092 Christus
629 2028 753 2091 duabus
775 2027 1046 2109 propositionibus
1059 2047 1093 2090 se
1107 2027 1230 2090 ostium
1249 2044 1313 2090 esse

184 2129 240 2207 ait,
262 2137 333 2191 tum
353 2147 413 2210 per
434 2130 522 2209 quod
543 2131 600 2209 qui
620 2149 683 2192 nou
704 2130 839 2207 intrant,
860 2131 946 2209 fures
967 2128 1104 2190 habendi
1124 2136 1199 2190 sunt
1223 2140 1252 2189 et
1270 2126 1315 2188 la·

184 2238 287 2291 traaas
314 2250 367 2294 vv.
388 2228 419 2295 7.
441 2228 482 2307 8,
507 2236 576 2293 tum
597 2250 656 2312 per
678 2229 815 2311 quodsi
835 2229 906 2311 quis
929 2227 1111 2303 introierit,
1139 2225 1314 2291 salvabitur

185 2350 344 2410 omneque
365 2333 486 2394 bonum
507 2339 726 2412 consequetur
759 2353 791 2395 v.
820 2329 850 2397 9.
882 2331 1061 2411 Vtriusque
1091 2328 1315 2411 propositionis

189 2434 347 2495 rationem
368 2434 434 2513 ipse
455 2435 621 2513 subiungit
640 2453 671 2497 v.
694 2430 744 2500 10.
767 2432 890 2496 Prioris
904 2432 1130 2513 propositionis
1157 2432 1240 2493 ratio
1255 2435 1314 2506 est,

188 2533 264 2612 quia
284 2533 319 2594 iu.
337 2535 424 2598 ovile
444 2535 498 2616 sur
519 2553 583 2595 aon
604 2533 702 2607 uenit,
724 2533 789 2596 nisi
808 2543 844 2595 ut
861 2535 998 2613 furetur,
1021 2541 1048 2594 et
1068 2540 1190 2605 mactet,
1207 2538 1318 2610 erper-

188 2634 262 2706 dat;
284 2654 348 2697 uon
369 2654 446 2716 ergo
463 2654 521 2714 per
541 2633 667 2707 ostium,
690 2636 747 2714 qui
768 2632 915 2698 Christus
936 2639 1002 2710 est,
1025 2632 1214 2712 ingreditur,
1226 2631 1318 2712 quip

189 2755 229 2817 pe
251 2738 328 2817 quia
349 2736 497 2801 Christus
518 2739 590 2800 ideo
611 2738 750 2814 venerit,
765 2746 801 2798 ut
814 2756 890 2800 oves
905 2733 1002 2797 uitam
1023 2735 1202 2796 habeantet
1222 2733 1320 2794 abun-

191 2837 321 2900 dantius
341 2838 487 2911 babeant,
509 2857 594 2919 quae
615 2845 664 2902 est
684 2839 767 2900 ratio
788 2837 976 2919 posterioris
995 2835 1232 2917 propositionis.

270 2936 315 3001 Vt
334 2946 574 3019 argumentum,
599 2940 685 3020 quod
708 2945 755 3001 est
776 2939 807 2998 in
828 2957 882 3001 vv.
903 2937 933 3000 7.
957 2935 997 3014 8,
1021 2938 1157 3014 clareat,
1177 2934 1321 2996 animad-

193 3047 285 3103 verte
306 3041 403 3103 huius
424 3042 677 3122 propositionem
708 3059 776 3102 esse
808 3039 840 3099 in
870 3058 969 3102 versu
999 3035 1039 3115 1,
1072 3036 1321 3117 assumptionem

194 3147 303 3204 autem
324 3161 392 3205 esse
412 3142 506 3206 hanc:
525 3140 649 3216 Omnes,
665 3150 811 3223 quotquot
825 3147 990 3212 uenerunt,
1005 3158 1069 3199 non
1091 3140 1253 3200 intrarunt
1263 3156 1322 3217 per

194 3241 307 3304 ostium
327 3240 363 3303 ιἰι
384 3241 465 3303 avite
486 3242 614 3317 ouium,
643 3243 900 3323 complexionem
925 3241 1061 3319 denique
1082 3258 1150 3302 esse
1171 3239 1203 3299 in
1224 3257 1255 3300 r.
1277 3237 1319 3320 83

194 3346 445 3425 assumptionem
465 3353 571 3408 tamen
592 3364 656 3407 uon
676 3344 855 3421 enuntiari,
885 3342 940 3406 sed
969 3342 1066 3404 huius
1094 3342 1167 3402 loco
1196 3340 1229 3399 in
1250 3358 1279 3404 v.
1301 3337 1321 3403 'i

196 3447 352 3510 rationem
373 3446 484 3509 afferri
505 3465 569 3526 qua
591 3447 671 3508 haec
692 3447 760 3526 ipsa
788 3444 964 3525 assumptio
993 3442 1258 3516 demonstretur,
1276 3439 1323 3500 ni-

197 3547 316 3609 mirum
336 3547 402 3609 ita:
426 3545 494 3625 Epo
514 3565 582 3607 sum
603 3545 715 3607 ostium
736 3544 859 3616 ouium5
881 3543 972 3622 atqui
992 3549 1139 3622 quotquot
1160 3547 1322 3613 uenerant,

196 3665 261 3710 non
280 3666 338 3728 per
359 3666 410 3708 me
431 3649 606 3725 intrarunt3
629 3664 706 3725 ergo
727 3664 792 3706 non
814 3646 977 3708 intrarunt
992 3662 1050 3722 per
1070 3639 1193 3702 ostium.

276 3747 398 3812 Versus
419 3746 439 3812 8
458 3750 679 3811 subobscurus
710 3748 852 3810 videtur.
886 3744 923 3807 Iu
954 3764 993 3807 oo
1024 3746 1179 3825 pleraque
1212 3760 1325 3822 graeca

198 3849 397 3929 exemplaria
419 3849 547 3910 habent:
567 3845 692 3920 Omnes,
707 3856 855 3929 quotquot
867 3854 1020 3907 venerunt
1040 3853 1112 3906 ante
1132 3861 1198 3914 me;
1212 3843 1329 3905 iutelli-

200 3968 260 4029 go,
292 3968 357 4011 non
378 3949 433 4029 qui
454 3955 527 4012 ante
548 3948 713 4013 Christum
734 3949 864 4013 inerant
884 3966 922 4010 ac
947 3948 1118 4023 vixerant,
1150 3962 1214 4006 non
1247 3945 1328 4006 enirn

200 4051 285 4113 idem
305 4056 354 4114 est
374 4049 480 4112 venire
500 4057 598 4131 atque
621 4069 681 4112 esse
702 4070 760 4113 seu
781 4048 897 4123 uivere,
912 4048 968 4111 sed
982 4048 1038 4130 qui
1052 4065 1111 4128 per
1123 4046 1214 4107 illam
1228 4044 1330 4127 ipsam

201 4157 340 4215 aetatem
360 4150 397 4213 in
418 4150 498 4216 ovile
519 4153 583 4216 iam
603 4154 792 4233 irruperant
813 4171 850 4215 aa
870 4151 983 4232 populi
1002 4149 1147 4230 regimen
1167 4149 1328 4223 tenebant,
