2986 4912
521 324 625 377 einer
648 324 819 376 storstnvn
842 313 990 377 entend

610 491 864 550 condddttntttt

171 764 374 908 Evangelio
403 826 467 891 iarn
499 828 649 892 absoluto
681 823 763 892 hanc
797 823 890 908 quasi
922 824 1130 910 appendicem
1152 821 1312 892 aioanne

169 930 328 993 adiectam
350 929 423 992 ideo
444 945 525 1005 esse,
541 936 580 992 nt
599 930 782 1010 opinionem
796 947 914 1005 eornm
935 930 1106 999 refelleret
1126 932 1182 1009 qni
1203 930 1310 1012 ipsum

170 1045 380 1111 nequaqnam
401 1031 600 1093 moriturum
622 1032 791 1111 putabant,
814 1032 882 1112 ipsa
905 1032 1004 1095 hnius
1026 1032 1139 1113 capitis
1159 1021 1312 1095 materies

172 1151 229 1195 nos
244 1133 349 1209 docet,
367 1138 437 1194 tum
453 1131 745 1196 demonstravimus
760 1132 793 1194 in
806 1128 906 1194 Libro
923 1130 938 1194 1
952 1129 992 1195 de
1007 1128 1191 1213 Evangeliis
1210 1151 1238 1195 c.
1253 1131 1309 1194 ln.

172 1248 225 1294 nn.
246 1231 286 1297 37
306 1253 396 1315 seqq.
417 1231 455 1294 ln
470 1235 531 1296 hac
546 1248 679 1314 quoqne
700 1233 836 1297 historia
857 1244 952 1297 nemo
975 1227 1127 1297 ioannem
1142 1240 1312 1297 auctorem

172 1349 239 1398 non
267 1337 434 1415 agnoseit,
461 1341 642 1415 testemque
672 1335 842 1399 oculatum
873 1341 990 1425 eornm
1019 1342 1312 1418 qnae'narrantnr.

172 1432 375 1501 Narrationis
406 1438 512 1500 forma
534 1430 647 1501 eadem
668 1437 724 1499 illa
746 1438 815 1518 ipsa
837 1436 936 1502 totins
961 1438 1039 1500 libri
1058 1440 1216 1520 propria,
1239 1438 1315 1502 slm-

172 1538 251 1619 plex
272 1545 304 1600 et
324 1537 446 1615 nativa,
469 1537 633 1617 simulque
653 1536 820 1618 pellneens
841 1554 879 1600 ac
894 1539 1014 1602 vivida.
1140 1552 1144 1565 ‘

252 1656 284 1701 v.
306 1631 337 1702 1.
362 1636 482 1702 Christi
505 1638 654 1718 discipuli
675 1626 905 1703 iu'ssi'ine'rant
929 1639 978 1702 ire
999 1638 1032 1703 in
1053 1632 1234 1705 Galilaeam
1257 1633 1313 1722 (ih

174 1755 240 1818 qno
262 1744 370 1801 tamen
390 1758 454 1802 non
475 1740 607 1801 iverunt
637 1738 697 1800 nisi
728 1745 801 1818 post
820 1747 895 1802 octo
925 1739 992 1804 dies
1024 1748 1158 1804 exactos
1183 1750 1227 1805 ex
1247 1726 1315 1822 qno

171 1837 319 1903 Christus
330 1835 732 1920 rehendit-Iterum
742 1837 838 1909 παλιν
855 1835 887 1902 in
909 1842 971 1905 hoc
993 1840 1083 1919 loco,
1112 1842 1198 1906 sient
1218 1860 1317 1924 appa·

173 1949 222 2006 ret
244 1962 286 2007 ex
307 1961 339 2007 v.
362 1937 414 2021 ld,
438 1963 501 2007 non
523 1945 680 2024 significat
706 1947 854 2021 seeundo,
875 1944 932 2008 sed
952 1945 1205 2021 retrocedendo.
1229 1943 1317 2026 Lege

172 2037 242 2107 Lib.
266 2044 297 2107 ΙΙ
319 2044 358 2108 de
383 2044 568 2126 Evangeliis
597 2045 716 2111 dnnot.
741 2046 881 2112 CCXVI.
903 2039 1147 2127 —Regionum
1178 2059 1316 2110 snarnm

171 2145 263 2209 lacus
284 2144 426 2208 Hebraei
455 2144 561 2209 mario
586 2149 756 2211 vocabant.
780 2146 842 2210 Hic
863 2147 979 2223 laone,
1004 2147 1061 2225 qni
1086 2154 1119 2211 et
1144 2147 1233 2209 locos
1257 2144 1317 2230 Ge-

172 2243 316 2308 aesoretd
330 2245 574 2328 appellahatnr‚.
584 2264 701 2311 nomen
721 2249 876 2311 invenita
894 2241 1070 2324 Tiberiade,
1087 2243 1224 2310 nrbe'in
1245 2239 1316 2312 eins

173 2346 271 2411 litore
293 2349 485 2412 occidentali
506 2350 546 2411 ab
567 2346 698 2413 Herode
720 2346 854 2431 Antipa,
878 2351 1044 2420 tetrarcha
1071 2344 1260 2428 Galilaeae,
1283 2352 1316 2413 in

176 2451 333 2512 honorem
355 2446 476 2512 Tiberii
497 2448 644 2514 Caesaris
665 2457 845 2526 exstructa,
868 2451 954 2514 sient
975 2449 1052 2512 alibi
1074 2449 1228 2515 diximus.
1313 2497 1320 2504 „

254 2571 285 2614 v.
306 2548 337 2615 2.
361 2549 409 2614 De
430 2549 632 2616 Nathanaele
658 2552 799 2614 diximus
820 2548 853 2612 in
874 2548 921 2614 lo.
944 2549 978 2628 Ι,
1001 2545 1052 2617 15.
1068 2545 1207 2614 *diiii
1226 2546 1319 2615 Zebe-

173 2651 245 2715 daei
265 2651 403 2716 lacobus
425 2653 546 2734 etipse
568 2645 704 2717 loannes
727 2653 886 2734 evangelii
907 2653 1058 2734 scriptor.

257 2770 289 2819 v.
312 2753 342 2820 8.
364 2752 463 2818 Vides
482 2755 675 2836 scriptorem
695 2755 867 2836 navigandi
887 2754 1052 2837 peritum,
1076 2755 1133 2834 qni
1154 2753 1258 2818 oculis
1278 2755 1320 2817 lia

177 2861 287 2919 torum
302 2855 466 2920 distantias
480 2857 588 2919 metiri
609 2857 729 2920 didicit.
742 2888 783 2902 -«
793 2849 868 2919 Vox
883 2851 1041 2918 trahentes
1055 2856 1102 2917 nil
1117 2858 1318 2919 contrarium

174 2956 321 3039 praefert
333 2957 403 3020 eius
425 2957 512 3038 qnod
527 2963 576 3021 est
596 2956 676 3022 inv.
694 2956 732 3039 63
749 2973 823 3032 nam
839 2964 872 3022 et
886 2972 1002 3038 graeca
1021 2956 1122 3020 verba
1143 2958 1207 3020 alla
1228 2964 1315 3032 sunt,

177 3068 210 3124 et
231 3061 295 3124 alia
316 3058 548 3141 significantur.
567 3057 604 3120 ln
618 3080 649 3124 v.
673 3058 693 3126 6
715 3061 892 3141 piscatores
914 3056 1070 3122 dicuntur
1090 3077 1154 3122 non
1175 3061 1320 3143 potuisse

176 3170 246 3227 rete
267 3160 389 3226 trahere
410 3155 557 3242 ἓλκυσαι,
578 3163 610 3224 in
629 3161 739 3225 navim
760 3163 923 3242 videlicet3
946 3159 978 3222 in
999 3179 1031 3223 v.
1053 3143 1321 3242 81egimnseos=

178 3266 251 3329 dem
264 3267 322 3330 hos
336 3267 412 3332 nari
425 3267 466 3329 ad
479 3266 558 3330 litus
579 3263 706 3331 venisse
721 3261 877 3330 trahentes
896 3279 1044 3361 συροντες
1069 3263 1318 3343 (strasoinoado)

176 3378 238 3430 rete
253 3366 393 3450 piscium
414 3376 486 3450 post
506 3365 625 3433 navim.

257 3490 289 3534 v.
309 3464 361 3536 11.
383 3465 427 3534 Et
447 3488 518 3534 eum
538 3465 623 3534 tanti
642 3479 752 3549 essent,
775 3489 840 3534 ooo
861 3477 906 3534 est
924 3479 1054 3551 reptem
1073 3474 1147 3531 rete.
1171 3462 1266 3530 Patet
1285 3465 1320 3529 id

178 3567 327 3633 annotari
341 3577 508 3653 tamquam
530 3571 608 3652 qnid
629 3570 761 3634 mirum.
786 3567 830 3634 At
851 3570 1000 3651 quisnam
1021 3575 1136 3633 notare
1151 3568 1182 3631 id
1197 3567 1320 3650 potuis·

178 3677 239 3748 set,
262 3672 322 3735 nisi
342 3673 506 3755 piscator,
529 3673 587 3753 qui
607 3678 815 3754 perspectum
845 3672 982 3735 haberet
1015 3677 1096 3752 quot
1127 3669 1229 3751 pisces
1251 3674 1321 3732 rete

180 3769 336 3853 caperet?
1319 3778 1324 3788 “

249 4064 284 4131 n)
302 4067 396 4120 naon
415 4065 512 4137 xxvi,
530 4063 575 4134 323
593 4065 717 4138 xxnn,
736 4065 762 4120 r.
782 4065 824 4119 to.
844 4061 888 4139 165
908 4067 992 4122 ntro.
1011 4062 1085 4134 xiv,
1105 4060 1150 4132 ²⁸3
1169 4063 1242 4133 xvi,
1262 4060 1299 4135 r.¹

250 4156 286 4223 (2)
303 4157 398 4212 Confer
416 4161 456 4212 lo.
474 4159 533 4228 XX,
552 4156 596 4210 19.
614 4158 660 4209 26.
1271 4150 1273 4155 ’
