2986 4912
486 334 588 383 cerva
611 335 762 385 ocmvvu
793 337 796 342 ·
1143 319 1204 390 109

56 415 205 482 Christus
227 437 307 481 vcro
328 419 390 481 hist
409 417 474 494 Qui
493 420 574 500 facit
588 430 766 501 peccatam,
781 440 888 484 serena
903 431 947 485 est
955 421 1081 502 peccati
1094 443 1126 487 v.
1142 419 1193 490 34.

54 515 91 581 St
110 537 183 597 ergo
201 536 255 578 oca
274 516 362 598 fitius
383 517 564 581 liberaverit
583 539 602 582 a
623 529 772 601 peccato,
797 541 867 583 vere
888 521 981 585 liberi
1002 523 1107 586 effecti
1127 542 1197 588 esse

55 619 182 682 dicendi
202 617 304 692 eritis,
314 637 458 699 vereque
479 622 547 682 dixi
568 641 626 685 vos
647 623 767 686 liberos
788 624 930 687 futuros.

137 740 169 784 v.
191 718 242 784 37.
265 718 334 785 Cur
354 740 389 783 se
409 721 530 784 liberos
552 723 734 799 crederent,
751 722 864 786 ludaei
885 726 968 787 hanc
989 744 1137 789 caussam
1151 734 1199 790 at-

57 825 225 901 tulerant,
252 843 286 887 se
308 823 460 886 Abrahae
481 825 565 886 [ilios
587 844 656 887 esso
677 845 709 887 v.
732 823 794 905 333
824 827 908 888 hanc
928 845 1021 889 suam
1042 828 1198 907 originem

56 943 194 1005 crepare
214 925 263 986 illi
283 925 441 988 solebant.
465 921 615 997 Christus
637 942 706 988 rem
728 943 792 987 non
811 932 926 1006 negat,
948 927 1004 989 sed
1025 927 1199 1007 degeneres

57 1025 145 1105 ipsos
165 1026 284 1105 arguit.
296 1058 338 1069 -
350 1022 436 1099 Quia
456 1043 554 1087 aeram
574 1043 660 1086 meos
680 1043 745 1086 core
767 1023 853 1109 capit
866 1023 902 1087 ire
916 1023 1016 1100 bobia,
1038 1045 1123 1107 quae
1142 1026 1199 1091 do-

57 1144 130 1204 ceo,
153 1145 238 1206 quae
257 1127 391 1206 loquor,
414 1133 520 1189 mente
540 1145 605 1189 non
626 1127 737 1207 capitis
753 1124 808 1208 td),

138 1245 170 1291 v.
191 1224 242 1291 38.
267 1229 395 1291 tametsi
415 1247 479 1290 non
500 1228 564 1291 alia
584 1228 707 1308 loquor
727 1248 825 1308 quam
847 1229 930 1309 quod
949 1228 1018 1291 cidi
1041 1230 1127 1309 apud
1138 1250 1200 1311 pa·

59 1338 138 1393 aem
157 1348 269 1394 meum.
293 1328 413 1394 Confer
433 1328 723 1394 anamundaro
743 1330 827 1394 illud
849 1329 918 1393 eidi
938 1337 971 1395 et
991 1332 1104 1395 conier
1124 1351 1199 1395 cum

60 1429 109 1494 Io.
131 1430 197 1509 VI,
218 1428 271 1497 46.
294 1430 467 1495 Concludit
488 1429 636 1494 Christus
657 1429 795 1495 ludaeos
825 1434 981 1513 castigans
1008 1434 1117 1497 vivida
1145 1452 1202 1495 an·

58 1533 169 1596 tithesi
188 1534 367 1596 verborum
388 1552 442 1613 epo
462 1539 494 1596 et
513 1551 581 1606 cos,
591 1541 716 1612 patrem
735 1539 886 1597 meamet
908 1542 1032 1613 petrem
1050 1543 1199 1610 cestrum,

58 1635 172 1716 loquor
191 1644 224 1699 ct
242 1633 362 1717 facitis.

140 1756 194 1801 vv.
216 1733 337 1802 39-41.
362 1734 561 1816 Apparebat,
578 1754 676 1814 quem
692 1732 783 1797 lesus
792 1743 918 1814 patrem
932 1734 1131 1799 ludaeorum
1144 1754 1201 1816 ap·

59 1837 243 1917 pellaverat
263 1836 296 1897 in
315 1856 348 1900 v.
368 1832 420 1912 38,
437 1816 537 1898 aiium
553 1854 622 1897 csse
637 1853 675 1896 ae
689 1833 867 1898 Abraham.
885 1833 969 1898 Hinc
985 1837 1047 1898 ista
1065 1835 1202 1900 ludaeo-

58 1956 136 2001 rum
156 1937 387 2017 interpellatio.
411 1933 559 1998 Christus
581 1941 714 2011 autem,
745 1941 815 1998 tum
837 1954 922 2016 quae
942 1937 1010 2016 ipse
1034 1942 1201 2016 postremo

58 2037 135 2101 loco
157 2038 298 2115 dixerat,
320 2043 392 2101 tum
413 2056 497 2116 quae
518 2036 632 2099 ludaei
653 2037 897 2118 responderant,
913 2056 978 2099 una
993 2055 1199 2117 componens,

60 2140 267 2221 propositum
281 2145 510 2218 argumentum
523 2147 631 2217 urget:
644 2136 710 2200 Eos
720 2156 785 2201 non
797 2137 828 2198 id
841 2157 937 2217 agere
951 2138 1040 2217 quod
1055 2136 1203 2202 Abraha-

60 2259 117 2304 mo
139 2241 261 2320 genitos
283 2240 424 2315 deceret,
441 2239 497 2302 sed
518 2238 606 2318 quod
627 2240 686 2302 illo
707 2239 771 2302 alio
793 2245 898 2319 patre,
921 2258 1019 2319 quem
1040 2239 1201 2302 indicave-
1257 2307 1262 2317 x

61 2346 125 2404 rat.
146 2338 232 2404 Tum
252 2341 382 2404 demum
404 2340 517 2402 ludaei
538 2337 703 2403 Christum
723 2358 787 2401 non
809 2340 848 2401 de
868 2340 1010 2402 naturali
1035 2347 1128 2419 patre
1152 2340 1203 2403 lo-

62 2443 144 2524 qui,
166 2444 310 2507 nondum
331 2450 460 2520 tamen,
482 2443 522 2505 dc
543 2460 686 2521 quonam
705 2441 922 2520 loqueretur,
945 2442 1200 2519 intellexerunt,

59 2546 119 2609 sed
140 2551 299 2626 putarunt
317 2550 443 2625 patrem
463 2544 610 2623 ipsorum
630 2562 649 2605 a
670 2540 799 2605 Christo
820 2542 883 2603 dici
903 2541 1043 2603 mendax
1067 2540 1201 2622 aliquod

62 2663 184 2708 numen
195 2666 206 2724 3
238 2664 343 2725 quare
372 2645 561 2725 simpliciter
580 2650 741 2723 negarunt
765 2643 867 2706 alium
896 2642 955 2705 sibi
975 2649 1101 2723 patrem
1131 2661 1202 2706 essa

61 2764 163 2825 quam
172 2741 538 2807 Deum—Fornicatio
559 2743 591 2804 in
612 2742 788 2818 hocloco,
811 2743 896 2805 sicut
915 2742 967 2819 id,
991 2742 1079 2821 quod
1100 2742 1201 2804 infer-

64 2854 133 2922 tur,
156 2846 305 2922 ostendit,
328 2845 531 2908 mendacium
552 2843 721 2906 numinum
741 2844 885 2918 cultum,
901 2849 939 2904 ut
951 2860 1048 2924 saepe
1068 2843 1146 2905 alias
1166 2844 1200 2905 in

62 2948 190 3026 bibliis,
210 2947 378 3028 significat.
400 2945 486 3027 Lege
505 2943 577 3009 Lib.
600 2943 615 3006 1
636 2946 676 3008 de
696 2943 903 3025 Interpretat.
928 2944 1122 3023 scripturar.
1152 2963 1202 3008 sa·

64 3067 153 3112 erar.
175 3069 206 3111 n.
228 3046 299 3114 195.

146 3169 178 3213 v.
201 3146 251 3215 42.
275 3148 557 3225 Quemadmodum
585 3149 737 3229 superius
766 3146 914 3211 Christus
936 3147 1064 3211 ludaeis
1085 3165 1205 3228 expro-

66 3252 223 3315 braverat
243 3270 343 3331 quam
364 3252 449 3314 male
469 3251 615 3332 ipsorum
636 3252 722 3314 facta
736 3250 853 3330 origini
873 3268 916 3313 ex
936 3247 1206 3313 Abrahamodu-

68 3359 164 3430 ctae,
186 3371 286 3432 quam
306 3354 489 3429 iactabant,
516 3352 768 3433 responderent,
791 3352 837 3413 ita
857 3370 943 3414 nunc
962 3351 1092 3415 cosdem
1118 3350 1205 3432 ipsos

67 3454 207 3517 revincit
224 3455 346 3521 aientes
367 3473 402 3516 se
422 3472 525 3517 unum
546 3458 672 3535 patrem
692 3453 814 3515 habere
833 3450 950 3515 Deum.
962 3486 1002 3495 —
1015 3450 1139 3515 Graeca
1160 3451 1206 3515 sic

65 3560 156 3619 sunt:
179 3553 247 3634 Epo
268 3553 410 3616 taimen
431 3553 496 3615 Deo
516 3552 615 3627 exivi,
638 3561 667 3614 et
686 3551 789 3614 venio.
805 3551 891 3616 Nota
911 3553 995 3614 illud
1009 3571 1049 3611 ee
1062 3551 1127 3614 Deo
1141 3550 1209 3612 eei-

67 3654 126 3729 oi,
156 3662 188 3719 et
208 3656 322 3719 conier
342 3675 419 3718 cum
439 3654 487 3718 lo.
510 3653 613 3730 XIII,
640 3652 670 3718 3.
691 3652 786 3716 Dicta
806 3656 887 3716 haec
907 3659 984 3717 sunt
1002 3671 1063 3733 pro
1084 3671 1123 3713 erc
1141 3652 1207 3715 Deo

68 3752 276 3818 eaiecsoeriio
279 3775 296 3828 ;
307 3774 423 3841 graeca
432 3757 516 3818 enim
525 3756 626 3818 verba
646 3749 800 3853 ἔρχεσθαι
814 3760 847 3817 et
861 3748 952 3834 ήκειν
968 3751 1090 3826 vedire,
1105 3772 1208 3834 (illum

68 3856 258 3920 adiunctum
292 3859 412 3920 habent
439 3876 551 3922 casum
575 3859 712 3923 nominis
740 3880 806 3940 quo
834 3878 972 3942 persona
994 3859 1207 3938 significatur,

69 3977 250 4038 numquam
270 3960 349 4022 huic
370 3960 459 4023 casui
489 3961 733 4043 coniunguntur
760 3961 998 4045 praepositione
1018 3956 1052 4043 ἐξ
1071 3979 1111 4022 eae
1120 4004 1132 4035 ,
1153 3961 1209 4025 sed

140 4166 177 4236 (a
196 4168 348 4222 mutereo.
369 4169 402 4240 v,
423 4167 467 4220 aa.

1206 4444 1412 4632 f*
