2986 4912
608 328 884 380 mumma
1262 311 1324 384 Μ

178 420 311 489 Christo
330 421 453 501 iugiter
473 418 586 482 lavore
606 437 668 482 sno
688 435 814 498 suaque
834 436 895 498 ope
916 415 1038 481 adesse.
1058 415 1092 481 st
1106 417 1259 499 primum,
1275 419 1318 481 si-

176 543 242 606 qne
264 524 345 586 hacc
366 540 386 585 a
407 521 510 586 verbo
531 517 723 600 coquoscetis
744 520 893 601 proxime
914 518 1142 599 dependerent,
1157 537 1222 582 non
1238 537 1317 582 ean

176 626 286 690 verbis
305 622 382 706 quia
402 641 456 703 eqo
476 640 545 684 sum
566 621 744 702 separanda
769 621 907 685 inissent
926 621 997 684 aliis
1011 621 1208 701 interpositis
1222 639 1319 703 quae,

174 745 242 790 non
261 726 302 788 ad
324 723 444 790 Christi
464 734 633 800 naturam,
655 722 710 785 sed
735 722 775 783 ad
797 722 867 784 eius
888 722 974 785 iacta
992 740 1031 785 ac
1045 723 1129 787 dicta
1150 725 1321 805 pertinent.

176 825 211 891 Si
225 827 633 906 alterum,supervacanea
657 824 744 884 loret
764 824 883 885 horum
904 824 1041 887 mentio.
1060 808 1104 885 'dc
1125 825 1244 903 quibus
1269 845 1324 889 ne-

176 946 245 1005 mo,
267 926 324 1007 qui
344 927 410 988 iam
432 925 636 1004 cognovisset
656 922 789 1004 quinam
810 921 961 987 Christus
975 932 1062 997 esset,
1081 925 1230 989 dubitare
1251 946 1324 1008 pos·

176 1037 237 1094 set.
254 1029 372 1110 Neque
390 1029 540 1109 sequitur
555 1034 592 1091 ut
606 1045 847 1109 supervacanea
869 1027 931 1090 dici
945 1027 1003 1089 illa
1018 1047 1150 1108 quoqne
1170 1029 1320 1105 debeant,

176 1139 207 1194 ct
225 1150 247 1192 a
267 1149 314 1193 mc
335 1129 406 1210 ipso
426 1126 512 1211 socio
533 1126 617 1190 uim
638 1136 667 1190 et
687 1136 808 1201 ceterae
830 1134 868 1192 ut
881 1128 966 1191 enim
980 1129 1080 1192 verba
1095 1127 1172 1209 quia
1186 1147 1239 1209 epo
1252 1147 1321 1191 aum

178 1231 323 1295 divinam
344 1228 464 1295 Christi
484 1234 649 1306 naturam,
671 1228 716 1290 ita
737 1229 793 1290 illa
812 1228 993 1292 distinctam
1007 1247 1026 1290 u
1040 1234 1134 1310 patre
1147 1246 1318 1309 personam

176 1332 367 1412 significant.
390 1329 605 1394 Concluditur
625 1330 725 1393 verba
746 1328 802 1403 Et,
816 1327 873 1408 qui
891 1347 938 1392 mc
959 1329 1059 1404 misit,
1074 1347 1193 1392 meeum
1213 1340 1269 1404 cot,
1289 1339 1318 1393 et

177 1451 245 1496 uon
257 1431 388 1513 reliquit
400 1450 448 1494 mc
460 1431 573 1507 sotum,
583 1449 646 1493 nou
661 1430 855 1510 dependere,
870 1431 985 1494 saltem
1003 1431 1165 1512 proxime,
1181 1448 1199 1493 a
1214 1431 1315 1495 verbo

177 1533 380 1614 coquoscctia.
402 1531 518 1613 ltaque
538 1532 571 1594 in
591 1532 696 1612 prima
717 1538 810 1612 parto
838 1550 953 1596 versus
972 1529 1015 1597 29
1034 1549 1149 1594 caussa
1177 1537 1226 1595 est
1253 1550 1316 1596 onr

179 1634 329 1702 Christus
349 1656 370 1698 a
390 1655 421 1698 sc
440 1633 508 1715 ipso
527 1633 630 1716 saciat
648 1631 745 1708 uidit,
767 1634 918 1697 videlieet
937 1634 1008 1697 eius
1022 1639 1056 1697 ct
1068 1634 1169 1715 patris
1183 1634 1337 1697 conium·

178 1739 245 1803 ctio
264 1740 298 1802 in
318 1756 383 1804 nna
404 1746 543 1818 natura3
567 1755 736 1816 quumque
757 1741 931 1817 propterea
951 1736 1057 1799 altera
1077 1736 1176 1800 huius
1200 1755 1315 1801 versus

176 1857 255 1922 pars
274 1846 415 1921 nequeat
434 1840 519 1902 ratio
538 1858 608 1901 csse
629 1838 753 1919 primae
773 1837 894 1918 partis,
919 1837 976 1900 sed
996 1856 1112 1901 eornm
1133 1856 1219 1920 quae
1239 1843 1315 1905 sunt

176 1940 210 2003 in
230 1942 336 2004 altera
356 1947 449 2024 parte
470 1958 586 2006 versus
605 1936 668 2016 28,
691 1938 917 2002 concludimus
937 1937 1075 2018 primam
1095 1944 1220 2018 partem
1241 1957 1316 2004 ver-

175 2060 233 2108 sns
245 2040 287 2109 29
300 2063 369 2108 esse
384 2043 477 2124 qnasi
491 2039 687 2140 nopotem
699 2074 740 2084 -
749 2038 924 2103 Postremis
941 2057 1021 2120 ergo
1034 2040 1142 2104 verbis
1156 2037 1232 2121 quia
1246 2061 1313 2122 epo,

174 2165 256 2228 quoe
269 2146 395 2228 placito
414 2157 489 2211 suut
508 2146 562 2222 ci,
591 2145 677 2229 facio
696 2165 815 2226 semper
834 2142 984 2209 Christus
1003 2145 1158 2209 indicium
1185 2142 1315 2210 Iudaeis

175 2249 341 2330 praebuit,
363 2269 447 2331 quo,
470 2250 527 2314 nbi
547 2248 653 2330 ipsum
674 2248 706 2309 iu
727 2265 860 2311 crucem
879 2246 1097 2323 sustulissent,
1120 2264 1315 2326 cognoscere

175 2350 308 2431 quirent
321 2358 360 2416 nt
377 2373 398 2415 c
417 2370 448 2414 sc
468 2343 673 2433 ipso-socerct
692 2346 789 2423 aiiii,
810 2349 875 2422 sed,
896 2346 979 2410 sicut
997 2346 1105 2410 docuit
1123 2365 1192 2410 eum
1206 2355 1315 2428 peter,

174 2448 251 2512 doec
271 2452 468 2532 loqueram,-
490 2451 578 2532 qnod
599 2451 684 2512 enim
706 2447 855 2514 Christus
876 2466 1005 2529 semper
1024 2465 1063 2512 ea
1089 2447 1202 2512 iecerit
1229 2468 1315 2530 quae

173 2551 261 2632 patri
281 2553 460 2633 placerent,
483 2558 560 2616 tnnc
581 2551 784 2632 potissimum
804 2549 968 2631 apparuit,
991 2566 1094 2629 qnnm
1114 2548 1314 2624 obictumst,

171 2651 252 2734 quio
264 2651 331 2734 ipse
343 2652 458 2727 votuit,
479 2661 512 2719 et
533 2641 669 2716 tradidit
687 2651 725 2715 iu
744 2662 874 2715 mortem
888 2649 1029 2714 ocimum
1042 2667 1133 2712 suam
1144 2647 1207 2730 (l),
1223 2654 1313 2728 tnnc,

173 2753 319 2835 inquam,
342 2775 446 2836 qnum
477 2753 660 2818 humiliavit
678 2752 893 2834 semetipsum,
913 2754 1019 2834 factus
1039 2765 1196 2816 cenninus
1219 2767 1316 2832 usquc

170 2855 216 2918 od
233 2863 375 2930 mortem,
395 2865 524 2919 mortem
544 2865 647 2919 autem
666 2853 771 2918 crucia
782 2852 836 2935 (2).

252 2955 417 3021 Sententia
438 2958 584 3022 subiecta
603 2957 753 3021 versibus
772 2954 814 3021 ‘28
834 2963 867 3019 ct
885 2948 927 3022 29
953 2955 999 3021 ita
1027 2953 1218 3039 exponenda
1245 2971 1316 3018 esse

172 3057 318 3124 videtur:
338 3055 414 3122 Cum
434 3057 651 3122 coemtaveritis
663 3056 767 3139 fitium
780 3056 930 3132 dominis,
945 3065 1022 3120 tuuc
1036 3053 1227 3138 coquoocctia
1239 3052 1316 3137 quia

173 3177 228 3240 eqo
248 3178 339 3234 sum,
364 3160 518 3224 nimirum
538 3158 693 3238 Dens,ex
713 3160 810 3240 siguis
831 3159 951 3239 quihus
972 3164 1050 3223 tunc
1070 3157 1221 3222 divinitas
1242 3175 1315 3221 mea

172 3261 344 3326 manifesta
364 3261 430 3325 liet.
447 3260 563 3342 Neque
577 3261 609 3323 id
624 3261 721 3325 modo
735 3260 945 3341 cognoscetis,
961 3277 1079 3324 verum
1099 3259 1209 3335 etiam,
1225 3256 1315 3339 qnod

172 3378 374 3443 consequeus
395 3368 455 3438 ost,
477 3361 554 3444 quia
567 3409 575 3425 .
589 3407 596 3423 .
609 3410 616 3426 .
630 3382 650 3424 o
670 3361 786 3443 meipso
799 3360 886 3444 [acio
899 3358 997 3435 uitii,
1012 3379 1092 3442 orgo
1105 3379 1165 3423 nec
1177 3360 1313 3441 loquor,

171 3462 226 3527 aed
245 3460 328 3525 sicut
347 3460 455 3525 docuit
473 3480 520 3524 me
535 3470 642 3542 pater,
664 3462 739 3524 tace
760 3462 884 3542 loquor,
895 3460 1007 3542 (pater
1026 3477 1179 3539 namque,
1195 3456 1252 3539 qui
1267 3476 1315 3520 me

168 3561 281 3636 misit,
301 3582 421 3626 mecum
441 3570 486 3625 est
495 3606 508 3637 ,
530 3572 559 3626 et
579 3581 645 3624 acu
664 3561 796 3644 reliquit
814 3580 861 3625 mc
881 3560 1005 3641 sotum)
1016 3603 1028 3635 ,
1043 3566 1218 3643 propterea
1238 3555 1316 3639 quia

169 3681 238 3746 cpe,
260 3682 339 3745 quac
354 3661 478 3743 placita
499 3672 574 3725 suut
593 3661 730 3745 oisemo
750 3681 885 3744 sempev
907 3661 940 3725 id
961 3659 1050 3743 quod
1072 3666 1149 3725 tune
1170 3676 1317 3740 comper·

171 3774 243 3831 tum
263 3765 434 3841 habebitis,
458 3783 573 3844 quum,
596 3768 635 3827 nt
655 3763 741 3845 patri
762 3764 997 3845 obtemperem,
1021 3766 1161 3828 mortem
1184 3758 1313 3826 subibo.

250 3885 282 3929 v.
302 3859 353 3931 30.
377 3864 463 3930 Nota
484 3865 668 3931 clausulam
690 3862 986 3931 loanni-usitatam.

237 4071 528 4140 mnmfflm

238 4161 502 4234 mmmm
