2986 4912
169 333 230 400 rm
508 349 538 396 in
562 348 698 398 {osunen
721 334 970 396 conunnrnnivu

167 444 284 517 negent
303 437 406 499 ullam
428 435 642 498 eucharistiae
664 433 830 495 institutae
860 432 1054 495 montionem
1075 447 1093 491 a
1116 427 1237 491 loaone
1259 429 1305 493 ia·

168 545 253 602 ctam
273 557 354 601 esse.

252 638 288 703 ln
309 659 340 702 v.
356 635 378 702 2
397 638 571 702 sententiae
585 636 666 700 ordo
679 635 858 698 secundnm
874 651 990 713 graecu
1004 633 1103 696 verba
1123 632 1170 695 sio
1184 637 1246 694 est:
1263 629 1305 692 Et

174 757 270 806 coena
289 739 390 818 sueta,
411 755 507 818 quum
527 737 670 800 diodotus
683 733 749 798 iam
766 732 899 801 misisset
918 734 955 798 in
976 751 1030 796 cor
1051 731 1148 797 Iudae
1168 728 1309 794 Simoeis

172 837 344 909 iscariotae
366 847 402 900 ut
422 836 491 900 dnm
510 838 656 903 truderet.

253 937 291 1002 In
310 959 341 1007 v.
362 937 383 1003 3
412 937 501 1003 Deus
521 957 541 1002 a
562 937 680 1002 Ioanne
701 933 840 1038 ὃπατηρ
859 945 953 1015 poter
965 935 1154 1016 simpliciter
1168 940 1201 996 et
1214 932 1309 996 abso

172 1041 243 1102 lnte
269 1039 477 1120 appellatur,
510 1034 630 1108 Christi
662 1041 822 1108 videlieet.
855 1037 971 1104 Verbis
992 1034 1121 1121 ἐξελθειν
1147 1034 1209 1105 ἀπο
1238 1034 1308 1106 eoo

173 1146 272 1209 emisse
298 1167 319 1209 o
346 1145 433 1220 Deo,
463 1164 547 1225 quae
568 1149 696 1214 suntin
716 1167 749 1212 r.
771 1146 814 1224 3,
844 1165 947 1225 aeque
968 1164 1007 1207 ao
1027 1144 1146 1207 horum
1176 1143 1310 1223 geminis

176 1245 308 1331 ἔξελθειν
330 1243 366 1316 ἐκ
388 1269 444 1316 του
466 1247 539 1316 &roe
570 1247 669 1310 exisse
700 1268 739 1310 ea·
769 1247 857 1322 Deo,
888 1243 1020 1329 ἒξελθειν
1041 1267 1130 1344 παρα
1152 1266 1209 1311 του
1241 1242 1309 1310 deso

176 1350 274 1419 emisse
295 1352 331 1421 de
351 1349 432 1427 Deo,
456 1369 540 1430 qnae
561 1350 661 1413 verba
683 1350 723 1413 de
744 1369 810 1413 uno
831 1348 960 1415 Christo
982 1345 1092 1424 diota,
1107 1366 1214 1428 neque
1235 1344 1312 1413 alibi

178 1471 277 1534 quam
296 1453 329 1514 in
350 1450 477 1515 Ioannis
492 1452 659 1531 evangelio
673 1454 841 1533 leguntur,
857 1453 1063 1516 manifestum
1077 1457 1125 1514 est
1137 1447 1312 1530 significari

177 1553 300 1634 aliquid
322 1553 378 1622 uni
398 1550 528 1617 Christo
548 1542 739 1638 proprium,
763 1553 841 1633 quid
863 1560 971 1616 autem
991 1553 1052 1614 nisi
1071 1551 1246 1630 originem,
1268 1548 1315 1609 di-.

178 1654 286 1721 vinam
307 1654 448 1729 scilicet,
472 1671 570 1732 quam
591 1653 616 1714 is
638 1671 713 1716 cum
733 1654 860 1715 nemine
882 1670 1085 1715 communem
1106 1647 1228 1713 habet'?
1249 1648 1314 1712 Ne.

179 1774 244 1836 que
265 1755 350 1818 enim
370 1755 452 1817 haee
472 1753 572 1817 verba
594 1754 683 1817 credi
705 1761 839 1834 possunt
859 1754 945 1817 idem
966 1755 1076 1816 valere
1097 1771 1134 1815 ao
1165 1747 1269 1830 lepori
1296 1769 1316 1810 o

179 1855 267 1930 Deo,
290 1862 359 1920 tum
380 1855 457 1936 qnia
477 1873 656 1936 numquam
677 1854 717 1918 de
739 1855 810 1918 aliis
830 1853 891 1918 Dei
910 1855 1025 1935 legatis
1046 1854 1223 1926 dicuntur,
1248 1857 1318 1913 tum

180 1957 258 2038 quia
277 1957 424 2037 ipsorum
445 1954 625 2025 verborum
646 1953 694 2024 vis
716 1955 794 2023 huie
815 1955 864 2024 rei
894 1953 1118 2034 significandae
1141 1957 1219 2033 apta
1251 1968 1319 2014 esse

179 2078 243 2122 non
263 2058 404 2123 ridetur.
1265 2061 1268 2065 ’

259 2151 439 2235 Quaeritur
459 2176 520 2221 eur
540 2155 688 2233 Ioannes,
707 2156 931 2238 descripturus
951 2161 990 2220 ut
1014 2155 1161 2222 Christus
1179 2153 1322 2234 discipu*

179 2262 289 2324 lorum
310 2258 406 2339 pedes
426 2257 559 2334 laverit,
582 2258 662 2326 haec
682 2258 939 2334 memoraverit,
962 2275 1047 2338 quae
1067 2257 1100 2317 in
1120 2255 1169 2322 his
1189 2253 1320 2317 duobus

180 2359 328 2431 versibus
347 2358 498 2439 legimus,
521 2359 700 2438 eademque
721 2359 815 2438 quasi
836 2358 1000 2438 quoddam
1013 2355 1206 2420 narrationis
1222 2371 1322 2418 exer*

181 2460 271 2527 dium
290 2461 515 2540 usurpaverit.
538 2458 636 2522 Ratio
657 2461 775 2540 procul
794 2460 894 2523 dubio
915 2479 953 2522 ea
974 2459 1052 2534 init,
1074 2464 1132 2535 ut,
1155 2458 1213 2539 qui
1236 2459 1319 2519 hano

178 2560 327 2643 paginam
346 2560 466 2622 lecturi
479 2565 595 2635 essent,
611 2559 657 2635 hi,
673 2566 706 2622 et
719 2561 842 2623 malum
855 2559 1006 2640 discipuli
1020 2559 1174 2634 animum,
1189 2557 1232 2619 de
1248 2545 1314 2637 quo

179 2661 265 2728 inv.
287 2659 323 2739 2,
346 2667 379 2724 et
398 2660 555 2731 infinitam
575 2659 695 2731 Christi
715 2661 892 2742 potentiam
912 2661 1118 2739 divinamque
1138 2665 1313 2732 naturam,

180 2761 220 2828 de
240 2761 358 2840 quihus
378 2767 428 2825 est
446 2761 479 2828 in
499 2780 530 2824 v.
551 2758 584 2837 3,
607 2767 817 2843 reputantes,
845 2764 945 2842 magis
966 2781 1005 2824 ao
1025 2760 1124 2840 magis
1146 2757 1314 2827 Christum

181 2862 424 2932 admirarentur
444 2861 680 2942 discipulorum
700 2862 810 2943 pedes,
833 2864 918 2932 siout
939 2880 1016 2930 mox
1036 2859 1245 2936 describitur,
1261 2858 1315 2921 de·

181 2962 371 3053 spectissimi
393 2963 573 3034 mediastini
594 2968 652 3034 aut
672 2964 821 3050 mancipii
842 2982 932 3029 more
953 2964 1148 3026 abluentem.

261 3062 305 3127 Vt
325 3065 358 3134 in
380 3069 448 3126 tota
468 3064 667 3140 narratione,
691 3083 775 3144 quae
795 3065 944 3144 sequitur
965 3083 1019 3131 vv.
1041 3058 1144 3138 deii,
1166 3061 1317 3144 simpliei÷

184 3170 234 3231 tas
254 3164 312 3232 illa
333 3161 460 3237 Ioannis
480 3165 613 3246 propria
635 3170 668 3227 et
689 3166 833 3232 veritatis
855 3166 953 3228 index
966 3165 1143 3229 certissima
1156 3164 1314 3245 splendet,

184 3267 241 3342 ita,
264 3265 297 3336 in
318 3264 407 3335 Petri
428 3266 520 3338 dietis
534 3265 594 3330 nv.
618 3265 647 3331 d.
679 3263 709 3330 8.
742 3265 763 3332 9
792 3268 889 3331 animi
916 3287 1028 3331 sensus
1048 3267 1252 3347 affectusque
1281 3271 1317 3327 nt

182 3373 296 3448 sponte
316 3385 387 3440 sese
407 3367 559 3448 prodant,
583 3365 721 3445 quisque
743 3366 838 3433 iacile
859 3369 958 3433 ridet.

212 3491 214 3495 ’
261 3490 293 3534 v·
313 3467 344 3539 7·
368 3466 453 3534 Scies
473 3477 577 3536 nutem
600 3478 709 3546 posteo
737 3491 819 3560 μετα
834 3491 936 3538 ταυτα
944 3479 1016 3550 post
1037 3471 1129 3543 duem
1151 3488 1220 3550 qno
1234 3470 1316 3532 enim

182 3577 237 3655 id,
270 3579 359 3659 quod
380 3577 529 3649 Christus
550 3576 666 3657 agebat
686 3577 886 3656 pertineret,
917 3577 984 3657 ipse
1000 3585 1109 3656 postea
1129 3572 1319 3654 significarit

185 3679 218 3741 in
239 3698 293 3743 vr.
315 3677 356 3751 12
376 3699 465 3760 seqq.

262 3799 292 3841 v.
314 3778 344 3851 8.,
368 3777 404 3844 Si
423 3798 489 3842 eoa
511 3779 617 3842 lavero
638 3787 666 3839 te
688 3787 716 3839 et
737 3785 848 3840 cetero.
866 3776 955 3842 Haec
974 3795 1040 3840 non
1060 3775 1100 3838 de
1121 3773 1179 3835 illa
1199 3775 1318 3855 pedum

185 3879 352 3943 ablutione
384 3880 446 3948 diei
476 3879 683 3947 madiiestunr
714 3882 785 3954 est,
817 3879 873 3940 sed
903 3876 1002 3941 Petro
1037 3876 1128 3940 illam
1163 3882 1324 3940 renuente,

187 3978 335 4054 Christus
356 3981 430 4050 inde
451 3981 653 4047 occasionem
674 3978 759 4058 cepit
779 3996 855 4041 eum
875 3997 998 4058 nosque
1019 3974 1153 4039 docendi
1185 3974 1320 4038 necessi«

186 4087 284 4149 tatem
306 4081 390 4144 alins
412 4081 553 4156 lotionis,
576 4079 729 4145 nimirum
751 4079 819 4148 eius
841 4099 905 4158 qua
921 4080 1004 4144 idom
1020 4078 1087 4158 ipse
1100 4074 1252 4146 Christus
1268 4076 1320 4147 tro

184 4182 307 4252 prinum
329 4183 449 4246 animas
470 4183 646 4274 abluturus
668 4184 748 4251 orat.
989 4185 990 4189 ’
