2986 4912
281 300 342 369 tta
625 318 655 363 m
677 316 813 363 rorare!
835 315 1084 362 conuenturum

392 406 515 498 aQui
551 419 676 481 autom
712 406 826 478 intrat
865 422 933 502 per
976 405 1138 489 ostium,
1182 418 1308 500 pastor
1358 420 1418 478 est

290 563 424 615 orrum.

394 657 419 737 3
446 662 537 736 Huic
564 662 734 736 ostiarius
761 663 893 758 aperit,
921 674 960 734 et
987 685 1075 735 oves
1104 685 1230 736 vocem
1250 663 1328 736 eius
1352 686 1419 736 au-

290 792 406 877 diunt,
426 804 465 864 et
482 790 647 888 proprias
666 813 753 863 oves
772 803 880 862 vocat
894 790 1123 876 nominatim,
1142 805 1180 864 et
1198 790 1320 864 educit
1338 814 1416 865 eas.

398 913 498 993 dEt
525 941 607 993 cum
635 919 800 1014 proprias
828 940 915 990 oves
943 917 1120 1000 emiserit,
1152 933 1236 992 ante
1264 941 1327 991 eas
1355 943 1420 992 va-

289 1048 355 1123 dit:
384 1061 423 1120 et
451 1070 539 1120 oves
566 1046 672 1120 illum
701 1057 916 1143 sequuntur,
936 1046 1020 1142 quia
1039 1046 1159 1119 sciunt
1177 1070 1304 1120 rocem
1325 1047 1417 1122 eius.

398 1170 423 1249 5
451 1173 617 1248 Alienum
647 1188 771 1248 autem
797 1197 869 1246 non
886 1187 1102 1271 sequuntur,
1121 1175 1185 1247 sed
1203 1173 1347 1270 fugiunt
1375 1174 1420 1247 ab

292 1330 348 1380 eo:
378 1305 462 1403 quia
490 1328 562 1377 non
590 1317 770 1376 noverunt
798 1326 924 1377 vocem
951 1301 1165 1376 alienorum.

400 1427 425 1505 6
452 1430 528 1504 Hoc
556 1431 788 1528 proverbium
817 1430 910 1503 dixit
925 1430 979 1502 eis
998 1428 1112 1502 lesus.
1129 1429 1186 1503 lili
1205 1444 1328 1504 autem
1348 1455 1421 1503 nou

294 1573 541 1658 coguoverunt
567 1558 653 1656 quid
679 1557 889 1655 loqueretur
916 1558 982 1631 eis.

401 1679 426 1760 7
454 1685 556 1761 Dixit
583 1708 669 1782 ergo
697 1685 751 1758 eis
779 1685 911 1759 iterum
941 1685 1053 1758 lesus:
1084 1687 1214 1772 Amen,
1234 1710 1340 1760 amen
1370 1688 1422 1761 di-

294 1837 338 1888 co
366 1813 483 1900 vobis,
510 1812 595 1910 quia
622 1836 690 1909 ego
716 1835 796 1885 sum
825 1813 960 1886 ostium
993 1811 1129 1887 urium.
1157 1791 1162 1798 ⁴

405 1932 430 2013 8
455 1940 590 2016 Omnes
618 1952 797 2038 quotquot
824 1952 1017 2026 venerunt,
1044 1939 1272 2029 furescunt,
1299 1954 1338 2016 et
1365 1941 1422 2016 Ia·

294 2088 432 2154 trunco,
461 2083 499 2143 et
526 2091 598 2141 non
627 2068 818 2141 audierunt
845 2091 908 2141 eos
936 2092 1035 2141 oves.

402 2192 427 2272 9
454 2196 531 2295 Ego
560 2219 640 2271 sum
669 2196 816 2271 ostium.
845 2195 916 2270 Per
942 2219 1002 2270 mo
1030 2197 1170 2295 siquis
1210 2199 1394 2273 introierit
1413 2246 1430 2285 ,-

296 2326 506 2401 salvabitur:
537 2340 575 2399 ct
603 2325 849 2422 ingredietur,
878 2338 916 2399 ct
942 2326 1174 2422 egredietur,
1207 2340 1245 2401 et
1289 2351 1425 2424 pascua

296 2454 467 2528 inveniet.

405 2576 455 2656 10
483 2581 555 2656 Fur
581 2606 653 2656 non
681 2581 781 2656 venit
808 2581 878 2654 nisi
905 2594 947 2654 ut
973 2580 1128 2667 furetur,
1157 2594 1195 2656 et
1222 2595 1425 2669 mactot‚et

296 2711 437 2807 perdat.
467 2709 544 2806 Ego
573 2711 653 2783 veni
682 2721 723 2783 ut
751 2709 864 2782 vitam
884 2707 1056 2795 habeant,
1097 2722 1136 2782 et
1181 2709 1428 2785 abundantius

296 2837 470 2912 habeant.

406 2959 450 3040 11
483 2965 560 3062 Ego
579 2983 661 3039 sum
688 2978 813 3062 pastor
839 2963 969 3038 bouus.
985 2965 1108 3040 Bonus
1122 2978 1247 3063 pastor
1265 2966 1427 3040 animam

297 3115 403 3168 suam
428 3094 492 3168 dat
519 3116 585 3190 pro
612 3092 740 3168 ovibus
768 3094 856 3166 suia.

406 3215 456 3296 12
484 3219 729 3296 Mercenarius
756 3233 894 3306 autem,
923 3233 961 3294 et
989 3225 1050 3320 qui
1078 3245 1149 3295 nou
1178 3234 1236 3296 est
1271 3236 1427 3319 pastor,

296 3348 398 3423 cuius
425 3372 497 3423 non
525 3360 610 3423 suut
637 3371 725 3422 oves
753 3349 932 3445 propriae,
948 3349 1048 3423 videt
1062 3348 1187 3446 lupum
1204 3349 1428 3435 venientem,

297 3490 336 3550 et
363 3477 517 3551 dimittit
545 3499 646 3562 oves,
675 3489 713 3549 et
740 3475 844 3573 fugit:
875 3490 913 3550 et
939 3476 1047 3574 lupus
1074 3478 1171 3574 rapit
1189 3528 1198 3562 ‚
1218 3490 1256 3550 ct
1283 3478 1429 3576 disper-

297 3604 350 3701 git
376 3628 476 3678 oves:

405 3724 454 3805 13
482 3731 727 3805 mercenarius
755 3744 878 3807 autem
907 3733 1000 3832 fugit
1016 3733 1029 3821 ,’
1055 3735 1139 3834 quia
1181 3737 1430 3810 mercenarius

298 3872 369 3948 est,
397 3874 435 3935 et
463 3882 534 3932 non
561 3860 721 3956 pertinet
748 3862 793 3935 ad
821 3885 905 3938 eum
933 3864 977 3938 de
1006 3864 1146 3939 ovibus.

405 3980 455 4060 id
483 3985 560 4086 Ego
583 3971 669 4063 'sum
697 4004 823 4089 pastor
850 3992 992 4069 bonus:
1023 4006 1061 4068 et
1089 4016 1265 4091 cognosco
1298 4018 1432 4082 meas,

298 4128 336 4190 et
364 4100 587 4212 cognoscunt
614 4141 672 4194 me
702 4143 819 4195 meae.
