2986 4912
281 311 323 377 22
605 324 634 372 n
658 318 795 372 toronen
818 319 1066 370 eonnenrannn

273 415 320 491 tit,
337 421 374 477 ut
394 410 668 489 interrogationis,
685 427 769 487 quae
784 407 945 486 sequitur,
962 407 1046 469 ratio
1061 406 1276 490 intelligatnr3
1297 406 1418 476 horum

272 516 357 578 enim
377 507 659 614 πατροπαραδοσις
680 517 752 573 erat
770 528 835 571 non
856 509 897 570 ab
911 509 983 571 aliis
999 510 1097 571 talem
1110 511 1318 590 baptismum,
1337 533 1420 593 qua-

272 622 338 683 lem
359 620 502 700 Baptista
524 617 785 690 administrabat,
808 616 868 678 nisi
890 617 930 676 ab
951 615 1024 678 Elia
1046 623 1103 678 aut
1128 637 1145 678 a
1173 616 1301 683 Christo
1322 639 1419 701 posse

272 719 701 798 administram-Propheta
714 713 730 784 ἑ
745 740 910 819 προφητης
920 716 1102 798 (ilprosete)
1109 740 1123 792 ,·
1137 722 1258 782 eonier.
1273 742 1304 784 v.
1317 719 1420 784 21.-

268 827 387 888 Foetus
418 834 462 886 eet
486 845 622 915 γεγονεν,
638 845 698 905 pro
720 845 785 903 quo
808 825 904 886 etiam
925 834 1020 886 notus
1048 833 1093 886 est
1109 825 1199 886 reddi
1221 831 1335 904 potest.
1353 823 1417 886 Ba—

272 938 369 1018 ptista
404 935 525 996 iterum
559 930 726 995 Christum
755 934 867 990 natum
888 935 960 990 unte
982 928 1088 1008 ipsum
1115 926 1275 1004 affirmat;
1303 927 1420 988 eonier

269 1057 301 1100 v.
318 1034 357 1099 15
365 1056 376 1114 3
392 1035 585 1117 pleniusque
604 1032 778 1112 profitetur
797 1049 831 1092 se
853 1027 981 1092 Christo
1001 1029 1098 1107 longe
1112 1028 1311 1090 interiorem.
1327 1026 1416 1090 Nota

270 1137 491 1199 hebraismum
522 1130 612 1192 euius
630 1177 637 1191 .
659 1176 666 1192 .
686 1176 694 1191 .
712 1128 779 1190 eius
798 1123 836 1194 ου’
850 1179 857 1197 .
872 1178 880 1196 .
895 1177 903 1197 .
917 1124 1026 1196 αὐτου.

351 1259 382 1303 v.
406 1237 457 1303 28.
481 1237 671 1300 Bethaniam
692 1238 803 1299 loeum
825 1256 905 1313 esse,
921 1237 953 1296 in
975 1255 1041 1314 quo
1060 1235 1194 1298 loannes
1218 1236 1416 1316 baptismum

272 1341 498 1402 administrare
520 1339 638 1418 eoepit,
650 1338 831 1424 colligimus
853 1357 871 1399 e
892 1338 1086 1419 comparatis
1107 1336 1153 1399 lo.
1178 1335 1242 1412 ΙΙΙ,
1258 1335 1308 1400 Q.
1321 1334 1362 1401 26
1382 1344 1418 1399 et

271 1440 313 1517 X,
335 1436 376 1506 [td
402 1458 478 1502 eum
499 1440 561 1501 boe
581 1459 613 1502 v.
634 1436 684 1502 28.
703 1437 792 1501 Haee
813 1437 968 1500 Bethania
990 1439 1054 1499 alia
1075 1443 1123 1500 est
1137 1438 1254 1519 oppido
1270 1438 1416 1499 eiusdem

270 1543 430 1618 nominis,
464 1542 495 1602 iu
520 1559 586 1620 quo
611 1538 756 1602 Lazarus
781 1540 945 1618 huiusque
972 1559 1102 1602 sorores
1134 1540 1301 1619 degebant.
1328 1538 1416 1619 Lege

270 1641 388 1707 Matth.
402 1641 492 1718 XXI,
506 1639 555 1704 ΙΙ.
571 1639 624 1720 183
640 1639 743 1721 Mare.
756 1637 851 1718 xl,t.
865 1639 916 1721 u,
931 1639 1012 1703 Luc.
1028 1638 1118 1717 XIX,
1140 1637 1192 1720 293
1212 1639 1259 1702 Io.
1282 1639 1341 1716 Xl,
1359 1638 1412 1704 18.

271 1743 427 1806 Proxima
451 1749 523 1805 erat
547 1740 677 1805 lordani
698 1740 816 1804 Matth.
847 1740 907 1818 ΙΙΙ,
935 1739 967 1821 63
993 1740 1097 1805 Mare.
1129 1738 1156 1817 I,
1182 1738 1213 1818 5,
1240 1742 1273 1802 in
1300 1759 1338 1803 ea
1363 1760 1417 1803 re-

271 1846 365 1925 gione
386 1864 470 1924 quae
491 1853 540 1907 est
560 1845 737 1906 interduos
758 1845 849 1906 laeus
869 1842 948 1905 Luc.
966 1841 1026 1920 Ill,
1038 1841 1057 1905 3
1069 1841 1123 1923 (d).
1140 1843 1220 1906 liius
1237 1844 1328 1904 nulla
1350 1843 1415 1905 alia

269 1947 392 2009 mentio
414 1947 446 2007 in
467 1947 584 2009 bibliis.
610 1944 647 2007 In
668 1945 791 2026 graecis
813 1946 1053 2026 exemplaribus
1075 1946 1155 2007 bene
1180 1944 1291 2006 multis
1318 1962 1417 2007 voea-

269 2053 326 2111 tur
346 2047 541 2112 Bethabara.
564 2046 743 2127 Vtriusque
763 2047 901 2110 nominis
922 2047 1035 2108 eadem
1057 2047 1125 2108 iere
1147 2046 1412 2125 estsignihcatiO,

267 2168 342 2210 nam
359 2157 446 2218 atas
457 2155 505 2212 est
520 2147 625 2221 havis,
643 2154 748 2236 unp
761 2145 913 2208 noviento
924 2147 966 2207 od
980 2143 1214 2209 traiicieodem.
1233 2143 1325 2221 Quae
1339 2169 1412 2215 συν-

270 2272 398 2344 ωνυμια
426 2267 574 2314 caussam
594 2252 701 2330 aperit
721 2270 781 2314 eur
802 2253 908 2333 primo
930 2272 1062 2333 queque
1084 2258 1230 2334 tempore
1254 2257 1327 2333 post
1348 2252 1416 2314 edi-

270 2361 340 2418 tum
365 2361 569 2441 evangelium
591 2363 646 2423 alii
668 2363 794 2426 eodiees
818 2363 961 2444 primum
982 2364 1037 2425 alii
1058 2363 1200 2425 alterum
1219 2378 1336 2421 nomen
1357 2360 1415 2420 ha-

269 2458 395 2521 bereut.
412 2458 576 2524 Nimirum
591 2465 754 2526 utrumvis
774 2483 892 2526 nomen
911 2483 972 2544 pro
990 2465 1100 2527 lubitu
1123 2462 1347 2542 usurpabatur
1371 2461 1412 2522 ad

269 2559 367 2622 illurn
386 2562 498 2624 locum
524 2563 756 2643 designandum
780 2566 820 2627 ad
845 2566 932 2646 ripas
957 2564 1103 2628 Iordanis
1128 2567 1225 2627 situm
1254 2583 1318 2645 qua
1346 2564 1415 2626 via-

270 2667 359 2724 tores
378 2664 531 2726 uavieula
551 2664 672 2728 flumen
696 2668 908 2731 traiieiebant.
936 2667 1049 2730 Fuisse
1073 2673 1183 2730 autem
1205 2668 1292 2729 hune
1319 2666 1415 2728 illum

270 2764 443 2827 traiectum
458 2767 602 2828 omnium
617 2769 842 2850 praecipuum,
855 2790 913 2832 sex
924 2769 1067 2831 millibus
1088 2770 1129 2830 ab
1143 2767 1271 2831 Iericho
1295 2767 1414 2830 distan-

268 2871 418 2946 tem,qna
432 2869 537 2948 primo
553 2867 719 2933 Israelitae
730 2871 850 2934 humen
861 2872 1067 2934 transmisere
1078 2870 1173 2935 losue
1184 2871 1278 2947 duee,
1290 2872 1413 2933 multae

267 2967 408 3052 rationes
423 2969 556 3032 eredere
578 2972 725 3034 suadent.
739 2970 892 3035 Ceterum
914 2973 953 3035 de
974 2973 1034 3034 hae
1055 2971 1210 3035 Bethania
1232 2972 1335 3034 fusius
1353 2972 1414 3033 ali-

267 3067 300 3128 bi
323 3069 558 3151 disputavimus
575 3071 615 3151 (2)
631 3115 640 3150 ,
656 3074 841 3154 ibidemque
862 3075 1103 3155 composuimus
1125 3075 1262 3153 quaein
1283 3071 1412 3136 Ioannis

268 3167 367 3245 inque
391 3167 550 3232 Matthaei
573 3174 759 3236 narratione
781 3174 820 3235 de
843 3174 930 3249 loeo,
954 3173 1011 3234 ubi
1031 3172 1175 3254 Baptista
1195 3192 1331 3235 munere
1351 3193 1412 3237 suo

269 3266 401 3332 iunetus
423 3276 483 3346 est,
507 3273 653 3352 opposita
675 3292 743 3336 esse
763 3275 796 3334 in
816 3274 956 3354 speeiem
983 3274 1136 3337 videntur
1151 3273 1204 3355 (3).

347 3390 399 3433 vv.
426 3368 551 3436 att-31.
577 3371 734 3449 Quintum
758 3373 922 3456 baptistae
948 3377 987 3439 de
1012 3374 1141 3440 Christo
1176 3377 1410 3455 testimonium,

270 3489 336 3549 quo
361 3478 392 3535 et
417 3472 456 3534 de
485 3470 606 3536 Christi
632 3476 774 3539 adventu
795 3484 828 3538 et
852 3477 890 3539 de
912 3479 1083 3559 baptismo,
1107 3497 1205 3557 quem
1225 3479 1292 3559 ipso
1313 3480 1415 3539 admi-

266 3571 436 3649 nistrabat,
464 3573 624 3638 rationem
646 3576 763 3653 reddit,
790 3596 828 3640 ae
853 3579 892 3640 de
916 3577 1036 3642 Christi
1059 3599 1138 3659 prae
1159 3581 1228 3659 ipso
1250 3581 1414 3644 excellen-

265 3672 310 3734 tia
332 3678 452 3751 quarto
474 3680 623 3739 testatur.
650 3674 770 3740 Datum
791 3683 841 3740 est
858 3677 1013 3757 postridie
1034 3680 1104 3742 eius
1131 3680 1193 3742 diei
1225 3699 1291 3760 quo
1313 3700 1414 3760 quar-

342 3913 379 3982 (1)
401 3913 560 3970 Parmeno
582 3918 706 3986 Evangei.
729 3923 757 3974 L.
778 3923 826 3974 ΙΙΙ.
850 3923 917 3975 bist.
935 3922 1030 3976 mu.
1050 3937 1076 3976 u·
1098 3921 1143 3974 23.

342 4007 377 4080 (2)
402 4011 443 4062 th.
463 4025 509 4062 un.
534 4011 569 4060 28
587 4027 657 4080 seqq.

341 4101 381 4170 (a)
404 4103 440 4152 n.
459 4118 487 4154 n.
506 4102 552 4154 aa.
