2986 4912
179 306 240 378 1911
498 325 529 374 m
551 325 688 374 1111111111
710 326 959 375 11111111111111

177 412 242 474 acti
262 410 504 491 praestiterunt.
529 409 629 474 Recte
643 417 753 474 autem
767 412 800 472 id
814 410 961 476 Christus
982 409 1116 493 Spiritui
1135 422 1249 481 sancto
1267 426 1316 483 at·

176 513 303 588 tribuit,
317 512 385 575 sine
399 530 465 591 quo
480 511 528 572 illi
542 512 587 573 nil
603 512 668 574 talc
682 513 824 593 incipere
846 520 944 592 atque
958 514 1093 594 exsequi
1116 517 1309 596 potuissent.

255 612 317 679 Sed
336 633 442 694 neque
461 614 604 694 primum
623 620 865 695 postremamve
886 634 1024 693 eorum,
1047 635 1190 696 quornm
1220 640 1314 684 coar·

177 717 323 796 guendus
336 716 475 778 mundus
489 715 620 792 dicitur,
636 716 814 797 quidquam
827 717 972 797 praefert
985 718 1153 783 intellectu
1167 720 1311 790 difficile.

175 815 219 880 Vt
240 817 323 881 enim
344 816 483 879 muudus
503 817 699 896 peccaverit,
722 836 761 879 eo
782 818 870 897 quod
890 818 923 879 in
944 817 1108 883 Christum
1130 821 1220 885 baud
1241 842 1314 888 ere·

176 917 290 995 deret,
322 917 544 996 iudiciumque
575 918 614 979 de
642 918 701 981 illo
731 919 796 980 iam
818 919 939 982 lactum
971 920 1072 982 tuerit
1091 939 1133 982 ex
1154 941 1223 1001 quo
1244 925 1314 1006 ipse

175 1018 288 1084 muudi
308 1019 455 1099 princeps
470 1018 629 1082 iudicatus
651 1019 724 1096 suit,
740 1020 878 1100 quisque
892 1020 1057 1101 perspicit,
1073 1029 1175 1100 utque
1189 1026 1317 1088 utrius·

175 1139 240 1199 que
261 1119 309 1182 rei
329 1117 467 1200 Spiritus
498 1125 627 1182 sanctus
658 1138 717 1200 per
747 1120 911 1201 apostolos
941 1121 1098 1184 muudum
1120 1124 1311 1190 convicerit.

141 1254 143 1259 ·
177 1219 319 1284 Versum
340 1225 447 1283 tamen
466 1217 506 1283 11
527 1239 631 1300 aeque
652 1221 732 1284 bene
752 1222 1014 1302 interpretareris
1042 1223 1223 1288 secuudum
1242 1245 1315 1289 sen-

176 1325 308 1386 tentiam
323 1339 421 1401 quam
435 1321 632 1385 ostendimus
645 1323 824 1385 subiectam
844 1340 913 1385 esse
927 1323 1038 1386 versui
1049 1319 1089 1386 31
1104 1325 1218 1405 capitis
1236 1323 1312 1390 xli.

254 1419 400 1484 Verbum
421 1417 534 1512 ἐλεγξει
555 1432 665 1503 arpcet
679 1423 710 1484 in
725 1442 756 1485 v.
769 1420 789 1486 8
802 1442 866 1485 non
886 1423 971 1485 idem
985 1423 1073 1487 valet
1092 1443 1129 1487 ac
1149 1426 1315 1504 repreben-

181 1523 244 1597 det,
266 1525 322 1586 sed
342 1524 606 1604 significationem
619 1526 678 1588 sibi
692 1524 832 1587 maxime
846 1523 1013 1605 propriam
1026 1529 1147 1602 servat,
1162 1545 1250 1605 quae
1268 1533 1317 1591 est

177 1622 314 1705 aliquem
334 1623 512 1688 rationibus
541 1624 742 1708 menifestum
772 1628 875 1708 secere
894 1633 986 1705 etque
1006 1623 1192 1687 convincere
1203 1645 1221 1700 ;
1248 1633 1316 1691 tota

178 1733 288 1788 autem
308 1725 407 1789 huius
429 1745 542 1790 versus
573 1726 727 1789 sententia
757 1725 803 1788 sic
833 1723 1022 1804 exponenda
1042 1730 1111 1788 est:
1134 1723 1314 1791 Convinoet

178 1826 336 1889 mundum
357 1827 434 1889 mali
454 1828 543 1908 quod
565 1828 652 1905 iecit,
675 1827 750 1889 boni
771 1825 858 1905 quod
881 1826 989 1888 lacere
1015 1826 1178 1905 neglexit,
1202 1827 1316 1892 iudicii

175 1925 305 1989 demum
327 1945 393 2006 quo
414 1933 588 2009 propterea
610 1927 839 1989 condemnatus
858 1925 923 1986 iam
944 1929 1003 1988 est.

257 2023 318 2089 Sed
340 2027 419 2106 quid
439 2029 479 2090 de
499 2047 598 2092 versu
618 2022 682 2091 10⁶?
702 2026 748 2087 nil
768 2025 852 2088 enim
865 2025 926 2088 uisi
941 2026 1092 2088 tenebrae
1112 2045 1181 2090 esse
1201 2027 1313 2092 videu-

176 2131 243 2189 tur.
268 2125 357 2203 Quas
378 2133 485 2191 tamen
515 2135 574 2204 ut,
602 2147 668 2208 quo
699 2127 825 2208 plenius
846 2127 918 2189 lieri
936 2133 1055 2207 potest,
1076 2127 1312 2209 discutiamus,

176 2246 248 2291 eam
269 2229 355 2292 viam
376 2249 552 2309 sequemur
573 2248 639 2308 qua
659 2227 860 2308 Augustinus
889 2228 1038 2309 praeivit.
1060 2226 1150 2308 Ergo
1170 2232 1314 2296 mundus

83 2396 86 2401 ,
179 2329 321 2392 iustitiae
342 2330 527 2410 arguendus
549 2330 687 2406 dicitur,
712 2335 800 2392 certe
820 2347 884 2392 uon
904 2347 995 2405 suae,
1019 2329 1139 2409 quippe
1160 2331 1219 2410 qui
1240 2350 1315 2412 pro-

175 2430 262 2492 xime
284 2429 388 2493 dictus
408 2431 450 2493 sit
470 2432 595 2512 peceati
616 2431 813 2510 arguendus,
835 2429 891 2493 sed
912 2429 1052 2493 aliorum
1059 2450 1070 2510 3
1092 2449 1313 2509 quorumnam

173 2547 254 2591 vero
275 2530 335 2593 uisi
355 2549 470 2594 eorum
485 2533 541 2612 qui
556 2532 592 2592 de
605 2533 721 2594 mundo
742 2549 807 2592 nou
827 2540 912 2607 sunt,
928 2532 991 2593 boc
1012 2537 1060 2595 est
1073 2532 1312 2613 discipulorum

174 2627 319 2696 Christi?
340 2630 460 2696 Conier
488 2631 534 2696 Io.
557 2631 638 2709 XV,
661 2628 723 2712 193
746 2630 858 2709 xvii,
880 2627 930 2698 tt.
953 2629 1003 2696 16.
1033 2631 1070 2694 ld
1094 2634 1178 2695 ratio
1204 2634 1313 2698 addita

174 2731 354 2808 confirmat,
371 2752 455 2813 quae
476 2733 517 2795 ad
538 2733 658 2796 Christi
679 2732 853 2813 discipulos
878 2731 1027 2813 pertinet.
1043 2731 1186 2813 Coargui
1200 2741 1312 2798 autem

175 2832 300 2896 alienae
332 2834 462 2896 virtutis
488 2833 545 2896 ille
569 2853 655 2897 unus
682 2833 745 2896 diei
774 2839 881 2914 potest
904 2833 957 2897 cui
984 2834 1126 2896 aliorum
1151 2837 1310 2917 exemplis

171 2933 303 2996 obiectis
328 2934 524 2996 ostendimus
555 2934 587 2995 in
613 2935 682 3014 ipso
707 2953 818 3015 parem
851 2933 1006 2997 virtutem
1034 2933 1224 2998 desiderari.
1247 2933 1312 2998 lta·

172 3052 237 3113 que
258 3032 407 3097 Christus
427 3035 586 3115 praedicit
610 3036 681 3098 lore
708 3042 747 3098 ut
774 3032 912 3116 Spiritus
926 3039 1055 3098 sanctus
1077 3035 1237 3099 mundum
1257 3054 1310 3099 ar-

171 3124 309 3213 guat'de
337 3154 377 3198 eo
398 3135 486 3215 quod
507 3135 604 3214 louge
628 3136 711 3199 absit
730 3154 749 3198 a
771 3135 895 3198 iustitia
913 3135 1150 3215 discipulorum
1168 3134 1302 3200 Christi.

171 3231 235 3300 Sed
259 3253 418 3316 quaenam
442 3238 522 3299 haec
546 3234 696 3300 iustitia?
717 3235 824 3312 Quam
845 3237 1078 3318 quaestionem,
1098 3237 1246 3318 alioquin
1260 3256 1309 3301 sa·

174 3335 213 3399 tis
241 3337 426 3417 expeditam
456 3338 588 3417 levique
615 3337 744 3417 negotio
766 3337 1014 3414 dissolvendum,
1042 3337 1111 3418 ipsa
1131 3339 1307 3419 explicatio

171 3437 315 3502 subiecta
335 3439 510 3519 implexam
531 3457 570 3502 ac
589 3456 666 3501 sane
685 3438 883 3502 latebrosam
907 3437 1034 3501 efficere
1056 3438 1199 3503 videtur.
1220 3438 1310 3516 Quo-

154 3538 269 3621 ‘modo
290 3555 430 3619 namque
444 3538 680 3619 discipulorum
701 3537 821 3601 Christi
844 3538 966 3601 iustitia
986 3539 1019 3602 iu
1040 3538 1146 3614 eosit,
1161 3537 1309 3603 111111111-

171 3645 221 3702 sto
245 3641 286 3701 ad
307 3646 434 3721 patrem
458 3658 590 3703 reverso
614 3642 701 3704 bunc
721 3639 770 3703 illi
791 3659 855 3704 non
881 3641 971 3703 ultra
994 3636 1142 3703 rideant?
1157 3639 1310 3704 Conside-

170 3742 308 3805 randum
333 3760 411 3821 ergo
439 3748 488 3805 est
514 3746 553 3805 ut
576 3740 724 3806 Christus
747 3741 899 3805 inversu
922 3736 964 3806 10
989 3741 1147 3805 iustitiam
1168 3741 1310 3824 discipu-

169 3843 278 3906 lorum
301 3848 443 3923 opponat
456 3841 567 3905 mundi
581 3849 727 3923 peccat03
750 3843 812 3905 hoo
836 3846 1006 3923 peccatum
1020 3860 1084 3904 uon
1097 3841 1189 3905 aliud
1209 3861 1307 3924 quam

169 3963 235 4007 uon
255 3945 388 4007 eredere
410 3946 441 4005 in
464 3943 641 4025 Christum,
663 3964 769 4025 neque
789 3964 867 4026 ergo
892 3945 956 4007 alia
980 3945 1038 4007 illa
1065 3945 1188 4008 iustitia
1210 3965 1307 4027 quam

170 4064 248 4130 quoe
269 4064 307 4105 ex
326 4046 385 4124 fide
399 4054 444 4106 est
461 4043 577 4109 certet
597 4045 681 4123 Iesu,
703 4042 781 4129 'queo
795 4065 834 4108 ee
854 4045 919 4110 Deo
932 4056 977 4109 est
989 4044 1114 4110 iustitio
1127 4044 1164 4110 in
1177 4047 1239 4127 fide
1253 4044 1307 4128 (l),

243 4169 276 4235 p)
295 4170 404 4234 eutrop.
425 4171 472 4238 nr,
492 4167 519 4220 9.
