2986 4912
533 323 796 390 cervini-:cmv
818 340 948 390 saxrvu
1256 323 1316 389 187

289 424 337 505 17
366 429 544 506 Dixcrunt
571 454 657 529 crgo
689 453 736 505 cx
764 428 949 529 discipulis
967 430 1046 505 cius
1077 430 1122 506 ad
1141 429 1312 506 invicem:

181 553 274 648 Quid
304 571 362 632 est
379 557 463 643 hoc,
481 556 577 656 quod
595 558 684 632 dicit
710 557 829 631 nobis:
851 556 1044 644 Modicum,
1064 570 1103 631 et
1120 579 1192 631 non
1211 558 1316 634 vide·

182 683 270 759 bitis
297 706 371 760 me:
400 698 438 759 et
465 683 825 770 iterum-modicum,
839 697 878 758 ct
890 682 1059 758 videbitis
1085 705 1160 771 roe,
1179 697 1217 758 et
1235 686 1318 784 quia

181 813 275 888 vado
304 813 350 886 ad
377 809 560 886 Patrem?

290 933 340 1014 18
368 939 546 1016 Dicebant
572 963 671 1039 crgo:
701 939 796 1030 Quid
821 950 880 1013 est
897 938 985 1025 boc,
1004 939 1100 1036 quod
1128 938 1230 1023 dicit,
1251 937 1321 1014 Mo

179 1067 341 1145 dicum?
369 1071 550 1146 nescimus
577 1069 664 1169 quid
696 1068 868 1167 loquitur.

286 1190 336 1272 19
363 1197 542 1296 Cognovit
568 1209 690 1271 autern
721 1197 834 1283 lesus,
862 1199 946 1294 quia
960 1193 1132 1272 volebant
1150 1219 1234 1271 eum
1261 1196 1318 1270 in-

175 1338 376 1423 terrogare,
395 1338 435 1400 et
451 1325 545 1401 dixit
571 1324 637 1399 eis:
667 1323 719 1399 Dc
733 1324 803 1399 boc
821 1323 996 1422 quaeritis
1015 1324 1112 1398 inter
1136 1346 1203 1397 vos
1230 1323 1314 1421 quia

173 1452 264 1541 dixi,
293 1451 487 1536 Modicum,
514 1463 553 1526 ct
580 1475 651 1525 noo
679 1450 848 1525 videbitis
868 1473 943 1527 me:
969 1463 1009 1525 et
1034 1450 1168 1526 iterurn
1197 1452 1314 1526 modi-

172 1604 271 1668 cum,
299 1595 337 1657 et
364 1579 532 1655 videbitis
558 1603 630 1653 me.

279 1702 333 1783 20
360 1707 491 1794 Amen,
519 1730 626 1782 amen
641 1707 721 1781 dico
735 1706 850 1780 vobis:
866 1706 951 1804 quia
968 1705 1171 1804 plorabitis,
1192 1724 1229 1784 et
1244 1709 1310 1782 flc-

174 1834 262 1910 bitis
280 1859 359 1923 vos,
391 1836 548 1911 mundus
567 1849 690 1910 autern
714 1834 899 1932 gaudebit:
930 1857 995 1908 vos
1022 1847 1145 1909 autern
1173 1837 1309 1911 contri-

175 1963 372 2050 stabimini,
388 1962 451 2037 sed
466 1962 614 2037 tristitia
631 1975 751 2037 vestra
769 1971 934 2036 vertetur
959 1962 999 2036 in
1016 1961 1199 2058 gaudium.

279 2086 327 2168 21
360 2090 489 2168 Mulier
506 2116 589 2167 curn
609 2092 717 2188 parit,
737 2090 924 2166 tristitiam
947 2088 1076 2175 babet,
1095 2090 1179 2190 quia
1206 2092 1308 2168 venit

172 2220 263 2294 bora
290 2220 380 2296 eius:
409 2243 492 2295 cum
520 2233 644 2295 autem
672 2219 856 2318 pepererit
868 2241 1037 2317 puerum,
1052 2219 1124 2292 ianr
1139 2241 1209 2294 non
1230 2243 1308 2298 rue·

170 2346 278 2421 rninit
304 2371 495 2446 pressurae
522 2361 672 2447 propter
687 2345 868 2447 gaudium:
898 2346 982 2445 quia
1002 2357 1182 2422 natusest
1195 2347 1307 2423 bomo

170 2476 208 2548 in
236 2475 424 2550 mundum.

277 2599 331 2678 22
358 2601 408 2677 Et
434 2626 499 2678 vos
518 2602 628 2702 igitur
645 2625 740 2677 nuno
766 2601 914 2702 quidem
941 2599 1128 2676 tristitiam
1149 2602 1306 2691 habetis,

170 2729 305 2805 iterum
323 2744 446 2807 autern
467 2730 596 2806 videbo
624 2755 701 2816 vos,
730 2743 768 2804 et
796 2728 967 2828 gaudebit
981 2752 1045 2803 cor
1061 2743 1238 2805 vestrum:
1268 2743 1307 2807 et

171 2858 342 2956 gaudium
369 2871 531 2933 vestrum
547 2880 654 2933 uerno
681 2856 787 2932 tollet
805 2881 826 2931 a
841 2855 957 2931 vobis.

277 2980 330 3061 23
357 2985 406 3062 Et
433 2986 469 3061 in
498 2986 559 3062 illo
594 2987 652 3062 die
679 3009 739 3060 rnc
770 3008 843 3059 oon
879 2983 1054 3082 rogabitis
1094 2986 1303 3086 quidquam.

170 3114 303 3201 Amen,
330 3138 437 3189 amco
455 3115 535 3190 dico
562 3114 678 3191 vobis:
708 3114 852 3215 siquid
882 3113 1062 3213 petieritis
1094 3113 1241 3192 Patrem
1268 3116 1305 3191 in

171 3242 316 3316 nomine
330 3265 427 3328 mco,
446 3243 547 3318 dabit
575 3242 691 3318 vobis.

277 3363 331 3444 24
359 3369 479 3468 Vsque
507 3371 615 3447 modo
634 3395 706 3447 non
730 3371 873 3469 petistis
900 3371 1096 3469 quidquam
1125 3370 1160 3442 in
1188 3372 1306 3445 nomi·

171 3521 217 3573 ne
244 3519 340 3573 meo:
370 3497 503 3583 Petite,
523 3510 560 3573 et
583 3498 782 3599 accipietis,
799 3515 840 3573 ut
867 3480 1045 3597 gaudium*
1065 3510 1228 3573 vestrum
1256 3500 1306 3574 sit

170 3625 333 3726 plenum.

275 3749 329 3830 25
356 3753 455 3829 Haec
482 3755 519 3828 in
546 3753 746 3853 proverbiis
769 3753 912 3829 locutus
938 3775 1020 3829 sum
1053 3753 1168 3828 vobis.
1197 3751 1305 3827 Venit

171 3881 261 3957 bora
289 3906 373 3957 cum
392 3884 464 3957 iam
492 3907 565 3957 noo
584 3882 621 3958 in
653 3883 855 3982 proverbiis
873 3882 1000 3979 loquar
1031 3880 1147 3965 vobis,
1162 3881 1224 3954 scd
1240 3900 1304 3979 pa-

170 4008 309 4086 laruda
341 4011 450 4088 Patre
465 4011 692 4087 annunciabo
719 4011 835 4088 vobis.
1063 3989 1067 3997 x

278 4132 331 4213 26
360 4139 394 4212 in
424 4138 485 4213 illo
503 4140 561 4214 die
577 4140 613 4213 io
640 4139 786 4214 nornine
813 4163 899 4215 meo
916 4138 1062 4238 petetise
1082 4151 1122 4215 et
1138 4160 1210 4213 noo
1223 4136 1306 4212 dico

171 4265 275 4340 vobis
302 4267 384 4366 quia
405 4292 471 4366 ogo
495 4267 628 4366 rogabo
647 4266 867 4359 Patremde
894 4267 1009 4342 vobis:
