2986 4912
493 296 594 343 carra
618 296 762 355 ovinam
1184 284 1223 349 51

187 377 212 457 3
240 384 281 457 ln
309 384 366 457 bis
394 383 537 458 iacebat
566 385 762 460 multitudo
792 408 921 482 magna
954 382 1243 484 languentium,¹

78 534 284 598 caecorum,
313 512 545 599 claudorum,
574 513 772 599 aridorum,
802 515 1077 611 expectantium
1106 539 1221 614 aquae

84 649 240 711 motum.

187 757 212 835 d
240 760 400 860 Angelus
429 778 552 838 autem
574 764 721 837 Domini
750 764 996 838 descendebat
1020 767 1220 841 secundum

76 888 223 984 t‘empus
251 890 287 962 in
315 890 506 985 piscinam:
537 903 576 963 et
604 889 823 962 movebatur
850 913 957 986 aqua.
975 889 1023 963 Et
1041 891 1102 988 qui
1119 893 1218 989 prior
1252 963 1256 971 .

74 1015 324 1088 descendisset
352 1016 389 1087 in
417 1016 594 1111 piscinam
623 1008 708 1112 post
736 1015 937 1089 motionem
953 1040 1084 1113 aquae,
1105 995 1235 1090 sanus*

75 1138 188 1214 flebat
215 1165 236 1214 a
263 1165 490 1238 quacumque
519 1141 754 1215 detinebatur
782 1141 1007 1216 infirmitate.

183 1261 209 1341 5
237 1266 327 1340 Erat
353 1281 476 1341 autem
505 1267 652 1364 quidam
681 1268 791 1340 homo
820 1267 868 1339 ibi
894 1268 1041 1364 triginta
1066 1282 1105 1344 et
1130 1283 1212 1345 octo

74 1414 190 1466 annos
217 1393 356 1466 habens
384 1393 420 1465 in
448 1393 662 1467 infirmitate
691 1416 770 1466 sua.

180 1514 206 1593 6
233 1518 336 1592 Hunc
364 1543 447 1592 cum
476 1521 627 1593 vidisset
655 1521 757 1594 iesus
786 1521 981 1604 iacentem,
1010 1536 1049 1594 et
1085 1546 1212 1619 cogno-

72 1645 187 1720 visset
213 1647 297 1742 qnia
326 1647 398 1720 iam
427 1646 583 1721 muitum
603 1658 749 1743 tempus
769 1647 936 1731 haberet,
957 1645 1045 1719 dicit
1065 1647 1116 1720 ei:
1149 1647 1210 1723 Vis

76 1795 187 1846 sanus
216 1769 325 1844 fieri?

175 1891 199 1969 Ἰ
228 1896 431 1993 Respondit
455 1896 486 1969 ei
516 1895 720 1992 languidus:
742 1894 910 1980 Domine,
926 1895 1113 1971 hominem
1134 1921 1205 1972 non

66 2022 199 2109 habeo,
227 2037 269 2098 ut
296 2045 379 2096 cnm
409 2022 554 2096 turbata
584 2021 695 2096 fuerit
723 2046 831 2118 aqua,
859 2023 984 2096 mittat
1013 2045 1072 2096 me
1101 2024 1138 2096 in
1155 2026 1206 2122 pi·

66 2151 220 2224 scinam:
247 2149 332 2224 dum
363 2150 467 2223 venio
495 2150 593 2222 enim
623 2172 704 2244 ego,
720 2148 813 2221 alius
828 2161 913 2222 ante
929 2171 988 2222 me
1002 2148 1203 2224 descendit.

172 2270 198 2349 8
226 2275 321 2351 Dicit
348 2276 382 2349 ei
411 2275 524 2350 iesus:
556 2274 684 2372 Surge,
706 2275 794 2349 tolle
811 2274 1006 2373 grabatum
1028 2288 1144 2362 tuum,
1165 2288 1205 2350 et

67 2400 228 2477 ambula.

173 2520 198 2601 9
227 2525 274 2601 Et
302 2526 427 2601 statim
448 2550 557 2600 sanus
577 2526 696 2601 iactus
723 2537 782 2600 est
809 2527 919 2601 homo
948 2527 1024 2602 ille:
1055 2540 1094 2602 et
1122 2551 1204 2603 sus-

65 2653 152 2729 tulit
178 2653 369 2751 grabatum
398 2676 518 2740 suum,
539 2665 578 2728 et
605 2651 830 2727 ambulabat.
857 2651 947 2727 Erat
969 2667 1094 2728 autem
1118 2655 1203 2728 sab-

62 2779 192 2853 batum
219 2780 256 2853 in
283 2779 341 2854 die
371 2778 447 2853 ilio.

171 2901 221 2982 10
249 2906 428 2979 Dicebant
454 2929 540 3002 ergo
568 2904 692 2979 ludaei
711 2905 778 2989 illi,
798 2905 859 3003 qui
889 2917 1039 2979 sanatus
1059 2905 1197 2981 iuerat:

62 3031 263 3108 Sabbatum
291 3045 361 3118 est,
391 3055 462 3106 non
489 3031 576 3105 licet
603 3030 671 3105 tibi
698 3031 828 3105 tollere
844 3032 1036 3128 grabatum
1056 3044 1173 3106 tuum.

172 3152 218 3232 11
249 3157 451 3256 Respondit
479 3158 543 3231 eis:
575 3155 644 3248 Qui
672 3179 731 3229 me
760 3181 891 3230 sunum
918 3156 1018 3240 fecit,
1039 3157 1109 3233 ille
1128 3159 1198 3232 mi-

57 3285 98 3360 hi
125 3284 228 3360 dixit:
259 3284 360 3359 Tolle
389 3284 581 3381 grabatum
610 3295 728 3367 tuum,
757 3296 795 3356 et
824 3283 984 3357 ambula.

105 3446 108 3450 ·
165 3407 216 3486 12
243 3412 565 3507 interrogaverunt
592 3435 679 3508 ergo
707 3434 803 3485 eum:
833 3409 922 3500 Quis
950 3423 1008 3484 est
1036 3409 1096 3483 ille
1126 3411 1192 3484 ho-

57 3561 135 3622 mo,
162 3537 224 3634 qui
251 3536 344 3611 dixit
372 3536 451 3621 tibi,
480 3533 582 3610 Tolle
611 3536 804 3632 grabatum
833 3547 952 3619 tunm,
968 3549 1007 3609 et
1025 3533 1195 3608 ambula?

169 3657 219 3739 13
247 3663 283 3736 Is
311 3675 453 3747 autem,
473 3661 534 3758 qui
567 3685 677 3735 sanus
706 3663 826 3736 fuerat
854 3661 1027 3747 effectus,
1057 3662 1195 3734 nescie-

53 3793 121 3865 bat
153 3791 234 3888 quis
267 3801 380 3864 esset.
418 3789 521 3862 lesus
550 3790 648 3862 enim
685 3789 881 3864 declinavit
917 3787 1079 3862 aturba
1113 3810 1194 3861 con·

54 3919 185 3995 stituta
218 3918 254 3990 in
291 3917 385 3990 loco.

164 4038 214 4118 ld
247 4042 380 4117 Postea
412 4042 552 4117 invenit
584 4063 668 4116 cum
697 4043 800 4116 lesus
833 4043 869 4114 in
907 4043 1057 4142 templo,
1087 4054 1125 4117 et
1142 4041 1191 4114 di·
