<?xml version="1.0" encoding="UTF-8"?>
<!DOCTYPE html PUBLIC "-//W3C//DTD XHTML 1.0 Transitional//EN"
    "http://www.w3.org/TR/xhtml1/DTD/xhtml1-transitional.dtd">
<html xmlns="http://www.w3.org/1999/xhtml" xml:lang="en" lang="en">
 <head>
  <title>
</title>
<meta http-equiv="Content-Type" content="text/html;charset=utf-8" />
  <meta name='ocr-system' content='tesseract 3.04.00' />
  <meta name='ocr-capabilities' content='ocr_page ocr_carea ocr_par ocr_line ocrx_word'/>
</head>
<body>
  <div class='ocr_page' id='page_1' title='image "./franciscixaveri00patrgoog_0184.png"; bbox 0 0 2986 4912; ppageno 0'>
   <div class='ocr_carea' id='block_1_1' title="bbox 116 302 1197 509">
    <p class='ocr_par' dir='ltr' id='par_1_1' title="bbox 116 302 1197 509">
     <span class='ocr_line' id='line_1_1' title="bbox 376 302 1197 380; baseline 0.004 -12"><span class='ocrx_word' id='word_1_1' title='bbox 376 321 480 369; x_wconf 74' lang='lat' dir='ltr'><strong>clvvr</strong></span> <span class='ocrx_word' id='word_1_2' title='bbox 503 321 643 369; x_wconf 82' lang='lat' dir='ltr'><strong>nucruvu</strong></span> <span class='ocrx_word' id='word_1_3' title='bbox 665 322 818 380; x_wconf 79' lang='lat' dir='ltr'><strong>ovunvvu</strong></span> <span class='ocrx_word' id='word_1_4' title='bbox 877 314 880 319; x_wconf 82' lang='grc'><em>·</em></span> <span class='ocrx_word' id='word_1_5' title='bbox 1135 302 1197 372; x_wconf 83' lang='grc'><strong>169</strong></span> 
     </span>
     <span class='ocr_line' id='line_1_2' title="bbox 116 405 1013 509; baseline 0.004 -27"><span class='ocrx_word' id='word_1_6' title='bbox 116 474 121 482; x_wconf 93' lang='grc'>.</span> <span class='ocrx_word' id='word_1_7' title='bbox 168 405 217 487; x_wconf 87' lang='grc'><strong>15</strong></span> <span class='ocrx_word' id='word_1_8' title='bbox 245 409 283 485; x_wconf 90' lang='lat' dir='ltr'><strong>Si</strong></span> <span class='ocrx_word' id='word_1_9' title='bbox 309 411 458 509; x_wconf 87' lang='lat' dir='ltr'><strong>diligitis</strong></span> <span class='ocrx_word' id='word_1_10' title='bbox 476 434 551 486; x_wconf 90' lang='lat' dir='ltr'><strong>me:</strong></span> <span class='ocrx_word' id='word_1_11' title='bbox 569 412 739 486; x_wconf 88' lang='lat' dir='ltr'><strong>mandata</strong></span> <span class='ocrx_word' id='word_1_12' title='bbox 757 435 839 486; x_wconf 89' lang='lat' dir='ltr'><strong>mea</strong></span> <span class='ocrx_word' id='word_1_13' title='bbox 858 425 1013 487; x_wconf 89' lang='lat' dir='ltr'><strong>servate.</strong></span> 
     </span>
    </p>
   </div>
   <div class='ocr_carea' id='block_1_2' title="bbox 58 532 1207 4347">
    <p class='ocr_par' dir='ltr' id='par_1_2' title="bbox 58 532 1194 756">
     <span class='ocr_line' id='line_1_3' title="bbox 166 532 1194 639; baseline 0.001 -26"><span class='ocrx_word' id='word_1_14' title='bbox 166 532 216 615; x_wconf 85' lang='lat'><strong>16</strong></span> <span class='ocrx_word' id='word_1_15' title='bbox 244 537 293 614; x_wconf 86' lang='lat' dir='ltr'><strong>Et</strong></span> <span class='ocrx_word' id='word_1_16' title='bbox 318 563 386 638; x_wconf 87' lang='lat' dir='ltr'><strong>ego</strong></span> <span class='ocrx_word' id='word_1_17' title='bbox 412 540 548 638; x_wconf 83' lang='lat' dir='ltr'><strong>rogabo</strong></span> <span class='ocrx_word' id='word_1_18' title='bbox 575 539 741 628; x_wconf 91' lang='lat' dir='ltr'><strong>Patrem,</strong></span> <span class='ocrx_word' id='word_1_19' title='bbox 774 553 812 614; x_wconf 90' lang='lat' dir='ltr'><strong>et</strong></span> <span class='ocrx_word' id='word_1_20' title='bbox 839 539 951 615; x_wconf 92' lang='lat' dir='ltr'><strong>alium</strong></span> <span class='ocrx_word' id='word_1_21' title='bbox 978 540 1194 639; x_wconf 78' lang='lat' dir='ltr'>paraclitum</span> 
     </span>
     <span class='ocr_line' id='line_1_4' title="bbox 58 663 1024 756; baseline 0.002 -16"><span class='ocrx_word' id='word_1_22' title='bbox 58 663 161 740; x_wconf 88' lang='lat' dir='ltr'><strong>dabit</strong></span> <span class='ocrx_word' id='word_1_23' title='bbox 186 665 304 751; x_wconf 92' lang='lat' dir='ltr'><strong>vobis,</strong></span> <span class='ocrx_word' id='word_1_24' title='bbox 324 680 365 743; x_wconf 90' lang='lat' dir='ltr'><strong>ut</strong></span> <span class='ocrx_word' id='word_1_25' title='bbox 384 682 531 743; x_wconf 86' lang='lat' dir='ltr'><strong>maneat</strong></span> <span class='ocrx_word' id='word_1_26' title='bbox 550 668 738 743; x_wconf 80' lang='lat' dir='ltr'><strong>vobiscum</strong></span> <span class='ocrx_word' id='word_1_27' title='bbox 756 668 792 742; x_wconf 92' lang='lat' dir='ltr'><strong>in</strong></span> <span class='ocrx_word' id='word_1_28' title='bbox 821 683 1024 756; x_wconf 86' lang='lat' dir='ltr'><strong>aeternnm,</strong></span> 
     </span>
    </p>

    <p class='ocr_par' dir='ltr' id='par_1_3' title="bbox 58 787 1204 1252">
     <span class='ocr_line' id='line_1_5' title="bbox 167 787 1201 896; baseline 0.005 -28"><span class='ocrx_word' id='word_1_29' title='bbox 167 787 217 868; x_wconf 84' lang='lat'><strong>17</strong></span> <span class='ocrx_word' id='word_1_30' title='bbox 240 793 421 896; x_wconf 71' lang='lat' dir='ltr'><strong>vSpiritum</strong></span> <span class='ocrx_word' id='word_1_31' title='bbox 441 795 620 882; x_wconf 89' lang='lat' dir='ltr'><strong>veritatis,</strong></span> <span class='ocrx_word' id='word_1_32' title='bbox 655 819 765 894; x_wconf 91' lang='lat' dir='ltr'><strong>quem</strong></span> <span class='ocrx_word' id='word_1_33' title='bbox 793 797 950 873; x_wconf 89' lang='lat' dir='ltr'><strong>mundus</strong></span> <span class='ocrx_word' id='word_1_34' title='bbox 978 819 1049 870; x_wconf 91' lang='lat' dir='ltr'><strong>non</strong></span> <span class='ocrx_word' id='word_1_35' title='bbox 1077 812 1201 896; x_wconf 87' lang='lat' dir='ltr'><strong>potest</strong></span> 
     </span>
     <span class='ocr_line' id='line_1_6' title="bbox 58 921 1201 1020; baseline 0.002 -24"><span class='ocrx_word' id='word_1_36' title='bbox 58 921 238 1020; x_wconf 81' lang='lat' dir='ltr'><strong>accipere,</strong></span> <span class='ocrx_word' id='word_1_37' title='bbox 265 923 349 1020; x_wconf 84' lang='lat' dir='ltr'><strong>quin</strong></span> <span class='ocrx_word' id='word_1_38' title='bbox 370 947 440 997; x_wconf 94' lang='lat' dir='ltr'><strong>non</strong></span> <span class='ocrx_word' id='word_1_39' title='bbox 457 922 557 998; x_wconf 92' lang='lat' dir='ltr'><strong>videt</strong></span> <span class='ocrx_word' id='word_1_40' title='bbox 586 947 684 1010; x_wconf 87' lang='lat' dir='ltr'><strong>eum,</strong></span> <span class='ocrx_word' id='word_1_41' title='bbox 700 947 770 998; x_wconf 87' lang='lat' dir='ltr'><strong>nee</strong></span> <span class='ocrx_word' id='word_1_42' title='bbox 784 924 853 998; x_wconf 86' lang='lat' dir='ltr'><strong>soit</strong></span> <span class='ocrx_word' id='word_1_43' title='bbox 872 947 969 1000; x_wconf 91' lang='lat' dir='ltr'><strong>eum.</strong></span> <span class='ocrx_word' id='word_1_44' title='bbox 994 938 1201 1000; x_wconf 85' lang='lat' dir='ltr'><strong>vosautem</strong></span> 
     </span>
     <span class='ocr_line' id='line_1_7' title="bbox 58 1050 1204 1150; baseline 0.001 -26"><span class='ocrx_word' id='word_1_45' title='bbox 58 1051 290 1148; x_wconf 73' lang='lat' dir='ltr'><strong>cognoscetis</strong></span> <span class='ocrx_word' id='word_1_46' title='bbox 309 1074 407 1126; x_wconf 87' lang='lat' dir='ltr'><strong>eum:</strong></span> <span class='ocrx_word' id='word_1_47' title='bbox 438 1051 522 1149; x_wconf 92' lang='lat' dir='ltr'><strong>quia</strong></span> <span class='ocrx_word' id='word_1_48' title='bbox 551 1053 647 1150; x_wconf 88' lang='lat' dir='ltr'><strong>apud</strong></span> <span class='ocrx_word' id='word_1_49' title='bbox 675 1075 740 1127; x_wconf 92' lang='lat' dir='ltr'><strong>vos</strong></span> <span class='ocrx_word' id='word_1_50' title='bbox 768 1050 944 1139; x_wconf 89' lang='lat' dir='ltr'><strong>manebit,</strong></span> <span class='ocrx_word' id='word_1_51' title='bbox 970 1065 1009 1127; x_wconf 93' lang='lat' dir='ltr'><strong>et</strong></span> <span class='ocrx_word' id='word_1_52' title='bbox 1035 1052 1071 1126; x_wconf 91' lang='lat' dir='ltr'><strong>in</strong></span> <span class='ocrx_word' id='word_1_53' title='bbox 1101 1052 1204 1127; x_wconf 84' lang='lat' dir='ltr'><strong>vobis</strong></span> 
     </span>
     <span class='ocr_line' id='line_1_8' title="bbox 58 1176 143 1252; baseline -0.024 0"><span class='ocrx_word' id='word_1_54' title='bbox 58 1176 143 1252; x_wconf 89' lang='lat' dir='ltr'><strong>erit.</strong></span> 
     </span>
    </p>

    <p class='ocr_par' dir='ltr' id='par_1_4' title="bbox 171 1298 1171 1409">
     <span class='ocr_line' id='line_1_9' title="bbox 171 1298 1171 1409; baseline 0.002 -29"><span class='ocrx_word' id='word_1_55' title='bbox 171 1298 221 1380; x_wconf 89' lang='grc'><strong>18</strong></span> <span class='ocrx_word' id='word_1_56' title='bbox 247 1303 326 1382; x_wconf 87' lang='lat' dir='ltr'><strong>Non</strong></span> <span class='ocrx_word' id='word_1_57' title='bbox 342 1306 546 1409; x_wconf 82' lang='lat' dir='ltr'><strong>relinquam</strong></span> <span class='ocrx_word' id='word_1_58' title='bbox 568 1331 633 1383; x_wconf 87' lang='lat' dir='ltr'><strong>vos</strong></span> <span class='ocrx_word' id='word_1_59' title='bbox 652 1309 846 1406; x_wconf 78' lang='lat' dir='ltr'><strong>orphanost</strong></span> <span class='ocrx_word' id='word_1_60' title='bbox 866 1308 1011 1383; x_wconf 91' lang='lat' dir='ltr'><strong>veniam</strong></span> <span class='ocrx_word' id='word_1_61' title='bbox 1030 1309 1075 1384; x_wconf 86' lang='lat' dir='ltr'><strong>ad</strong></span> <span class='ocrx_word' id='word_1_62' title='bbox 1095 1333 1171 1384; x_wconf 91' lang='lat' dir='ltr'><strong>vos.</strong></span> 
     </span>
    </p>

    <p class='ocr_par' dir='ltr' id='par_1_5' title="bbox 61 1426 1197 1662">
     <span class='ocr_line' id='line_1_10' title="bbox 171 1426 1197 1512; baseline 0.003 -4"><span class='ocrx_word' id='word_1_63' title='bbox 171 1426 221 1508; x_wconf 81' lang='lat'><strong>19</strong></span> <span class='ocrx_word' id='word_1_64' title='bbox 250 1434 377 1510; x_wconf 84' lang='lat' dir='ltr'><strong>Adhuc</strong></span> <span class='ocrx_word' id='word_1_65' title='bbox 391 1436 588 1510; x_wconf 89' lang='lat' dir='ltr'><strong>modicum:</strong></span> <span class='ocrx_word' id='word_1_66' title='bbox 604 1449 642 1511; x_wconf 90' lang='lat' dir='ltr'><strong>et</strong></span> <span class='ocrx_word' id='word_1_67' title='bbox 662 1436 817 1510; x_wconf 89' lang='lat' dir='ltr'><strong>mundus</strong></span> <span class='ocrx_word' id='word_1_68' title='bbox 831 1458 890 1510; x_wconf 90' lang='lat' dir='ltr'><strong>me</strong></span> <span class='ocrx_word' id='word_1_69' title='bbox 909 1437 982 1510; x_wconf 89' lang='lat' dir='ltr'><strong>iam</strong></span> <span class='ocrx_word' id='word_1_70' title='bbox 1000 1459 1072 1511; x_wconf 92' lang='lat' dir='ltr'><strong>non</strong></span> <span class='ocrx_word' id='word_1_71' title='bbox 1087 1436 1197 1512; x_wconf 89' lang='lat' dir='ltr'><strong>videt.</strong></span> 
     </span>
     <span class='ocr_line' id='line_1_11' title="bbox 61 1557 1197 1662; baseline 0.002 -26"><span class='ocrx_word' id='word_1_72' title='bbox 61 1557 137 1636; x_wconf 85' lang='lat' dir='ltr'><strong>Vos</strong></span> <span class='ocrx_word' id='word_1_73' title='bbox 164 1575 288 1637; x_wconf 90' lang='lat' dir='ltr'><strong>autem</strong></span> <span class='ocrx_word' id='word_1_74' title='bbox 317 1562 448 1637; x_wconf 88' lang='lat' dir='ltr'><strong>videtis</strong></span> <span class='ocrx_word' id='word_1_75' title='bbox 463 1588 535 1640; x_wconf 89' lang='lat' dir='ltr'><strong>me:</strong></span> <span class='ocrx_word' id='word_1_76' title='bbox 565 1564 649 1662; x_wconf 92' lang='lat' dir='ltr'><strong>quia</strong></span> <span class='ocrx_word' id='word_1_77' title='bbox 677 1587 744 1661; x_wconf 85' lang='lat' dir='ltr'><strong>ogo</strong></span> <span class='ocrx_word' id='word_1_78' title='bbox 776 1565 873 1650; x_wconf 91' lang='lat' dir='ltr'><strong>vivo,</strong></span> <span class='ocrx_word' id='word_1_79' title='bbox 892 1576 930 1639; x_wconf 89' lang='lat' dir='ltr'><strong>ot</strong></span> <span class='ocrx_word' id='word_1_80' title='bbox 962 1587 1027 1639; x_wconf 89' lang='lat' dir='ltr'><strong>vos</strong></span> <span class='ocrx_word' id='word_1_81' title='bbox 1053 1565 1197 1640; x_wconf 83' lang='lat' dir='ltr'><strong>vivetis.</strong></span> 
     </span>
    </p>

    <p class='ocr_par' dir='ltr' id='par_1_6' title="bbox 61 1685 1197 1916">
     <span class='ocr_line' id='line_1_12' title="bbox 167 1685 1197 1793; baseline 0.002 -27"><span class='ocrx_word' id='word_1_82' title='bbox 167 1685 221 1766; x_wconf 74' lang='lat'><strong>20</strong></span> <span class='ocrx_word' id='word_1_83' title='bbox 248 1691 288 1765; x_wconf 95' lang='lat' dir='ltr'><strong>ln</strong></span> <span class='ocrx_word' id='word_1_84' title='bbox 316 1691 380 1766; x_wconf 90' lang='lat' dir='ltr'><strong>illo</strong></span> <span class='ocrx_word' id='word_1_85' title='bbox 406 1692 465 1766; x_wconf 93' lang='lat' dir='ltr'><strong>die</strong></span> <span class='ocrx_word' id='word_1_86' title='bbox 493 1716 558 1766; x_wconf 89' lang='lat' dir='ltr'><strong>vos</strong></span> <span class='ocrx_word' id='word_1_87' title='bbox 585 1691 810 1790; x_wconf 82' lang='lat' dir='ltr'><strong>cognoscetis</strong></span> <span class='ocrx_word' id='word_1_88' title='bbox 835 1691 917 1793; x_wconf 88' lang='lat' dir='ltr'><strong>quia</strong></span> <span class='ocrx_word' id='word_1_89' title='bbox 950 1714 1019 1791; x_wconf 77' lang='lat' dir='ltr'><strong>ego</strong></span> <span class='ocrx_word' id='word_1_90' title='bbox 1052 1716 1132 1768; x_wconf 91' lang='lat' dir='ltr'><strong>sum</strong></span> <span class='ocrx_word' id='word_1_91' title='bbox 1161 1693 1197 1767; x_wconf 92' lang='lat' dir='ltr'><strong>in</strong></span> 
     </span>
     <span class='ocr_line' id='line_1_13' title="bbox 61 1813 971 1916; baseline 0.002 -25"><span class='ocrx_word' id='word_1_92' title='bbox 61 1813 172 1892; x_wconf 88' lang='lat' dir='ltr'><strong>Patre</strong></span> <span class='ocrx_word' id='word_1_93' title='bbox 200 1840 296 1902; x_wconf 91' lang='lat' dir='ltr'><strong>meo,</strong></span> <span class='ocrx_word' id='word_1_94' title='bbox 315 1832 353 1893; x_wconf 90' lang='lat' dir='ltr'><strong>et</strong></span> <span class='ocrx_word' id='word_1_95' title='bbox 381 1842 446 1894; x_wconf 89' lang='lat' dir='ltr'><strong>vos</strong></span> <span class='ocrx_word' id='word_1_96' title='bbox 473 1820 510 1893; x_wconf 91' lang='lat' dir='ltr'><strong>in</strong></span> <span class='ocrx_word' id='word_1_97' title='bbox 529 1842 602 1902; x_wconf 90' lang='lat' dir='ltr'><strong>me,</strong></span> <span class='ocrx_word' id='word_1_98' title='bbox 631 1832 669 1896; x_wconf 85' lang='lat' dir='ltr'><strong>et</strong></span> <span class='ocrx_word' id='word_1_99' title='bbox 696 1841 763 1916; x_wconf 89' lang='lat' dir='ltr'><strong>ego</strong></span> <span class='ocrx_word' id='word_1_100' title='bbox 791 1818 827 1891; x_wconf 91' lang='lat' dir='ltr'><strong>in</strong></span> <span class='ocrx_word' id='word_1_101' title='bbox 856 1816 971 1894; x_wconf 90' lang='lat' dir='ltr'><strong>vobis.</strong></span> 
     </span>
    </p>

    <p class='ocr_par' dir='ltr' id='par_1_7' title="bbox 61 1938 1200 2300">
     <span class='ocr_line' id='line_1_14' title="bbox 169 1938 1200 2036; baseline 0.004 -17"><span class='ocrx_word' id='word_1_102' title='bbox 169 1938 218 2019; x_wconf 72' lang='lat'><strong>21</strong></span> <span class='ocrx_word' id='word_1_103' title='bbox 250 1944 320 2036; x_wconf 84' lang='lat' dir='ltr'><strong>Qui</strong></span> <span class='ocrx_word' id='word_1_104' title='bbox 346 1945 458 2022; x_wconf 91' lang='lat' dir='ltr'><strong>babet</strong></span> <span class='ocrx_word' id='word_1_105' title='bbox 477 1947 648 2020; x_wconf 85' lang='lat' dir='ltr'><strong>mandata</strong></span> <span class='ocrx_word' id='word_1_106' title='bbox 662 1968 759 2030; x_wconf 90' lang='lat' dir='ltr'><strong>mea,</strong></span> <span class='ocrx_word' id='word_1_107' title='bbox 778 1958 817 2020; x_wconf 90' lang='lat' dir='ltr'><strong>et</strong></span> <span class='ocrx_word' id='word_1_108' title='bbox 835 1959 958 2021; x_wconf 89' lang='lat' dir='ltr'><strong>servat</strong></span> <span class='ocrx_word' id='word_1_109' title='bbox 972 1969 1028 2021; x_wconf 79' lang='lat' dir='ltr'><strong>eat</strong></span> <span class='ocrx_word' id='word_1_110' title='bbox 1048 1946 1110 2021; x_wconf 89' lang='lat' dir='ltr'><strong>ille</strong></span> <span class='ocrx_word' id='word_1_111' title='bbox 1128 1961 1200 2031; x_wconf 90' lang='lat' dir='ltr'><strong>est,</strong></span> 
     </span>
     <span class='ocr_line' id='line_1_15' title="bbox 61 2069 1199 2172; baseline 0.006 -28"><span class='ocrx_word' id='word_1_112' title='bbox 61 2069 125 2168; x_wconf 91' lang='lat' dir='ltr'><strong>qui</strong></span> <span class='ocrx_word' id='word_1_113' title='bbox 150 2070 267 2170; x_wconf 78' lang='lat' dir='ltr'><strong>diligit</strong></span> <span class='ocrx_word' id='word_1_114' title='bbox 294 2096 368 2148; x_wconf 90' lang='lat' dir='ltr'><strong>me.</strong></span> <span class='ocrx_word' id='word_1_115' title='bbox 396 2071 466 2163; x_wconf 85' lang='lat' dir='ltr'><strong>Qui</strong></span> <span class='ocrx_word' id='word_1_116' title='bbox 493 2087 616 2149; x_wconf 89' lang='lat' dir='ltr'><strong>autem</strong></span> <span class='ocrx_word' id='word_1_117' title='bbox 636 2073 751 2171; x_wconf 82' lang='lat' dir='ltr'><strong>diligit</strong></span> <span class='ocrx_word' id='word_1_118' title='bbox 769 2095 842 2158; x_wconf 91' lang='lat' dir='ltr'><strong>me,</strong></span> <span class='ocrx_word' id='word_1_119' title='bbox 862 2072 1032 2172; x_wconf 77' lang='lat' dir='ltr'><strong>diligetur</strong></span> <span class='ocrx_word' id='word_1_120' title='bbox 1050 2095 1070 2149; x_wconf 85' lang='lat' dir='ltr'><strong>a</strong></span> <span class='ocrx_word' id='word_1_121' title='bbox 1090 2072 1199 2151; x_wconf 83' lang='lat' dir='ltr'><strong>Patre</strong></span> 
     </span>
     <span class='ocr_line' id='line_1_16' title="bbox 62 2198 1196 2300; baseline 0.006 -29"><span class='ocrx_word' id='word_1_122' title='bbox 62 2220 158 2272; x_wconf 85' lang='lat' dir='ltr'><strong>meo:</strong></span> <span class='ocrx_word' id='word_1_123' title='bbox 187 2211 226 2273; x_wconf 87' lang='lat' dir='ltr'><strong>ot</strong></span> <span class='ocrx_word' id='word_1_124' title='bbox 251 2222 319 2298; x_wconf 89' lang='lat' dir='ltr'><strong>ego</strong></span> <span class='ocrx_word' id='word_1_125' title='bbox 346 2200 491 2299; x_wconf 81' lang='lat' dir='ltr'><strong>diligam</strong></span> <span class='ocrx_word' id='word_1_126' title='bbox 520 2224 617 2286; x_wconf 93' lang='lat' dir='ltr'><strong>eum,</strong></span> <span class='ocrx_word' id='word_1_127' title='bbox 637 2213 674 2274; x_wconf 91' lang='lat' dir='ltr'><strong>et</strong></span> <span class='ocrx_word' id='word_1_128' title='bbox 694 2198 935 2276; x_wconf 84' lang='lat' dir='ltr'><strong>manifestabo</strong></span> <span class='ocrx_word' id='word_1_129' title='bbox 949 2201 984 2274; x_wconf 94' lang='lat' dir='ltr'><strong>ei</strong></span> <span class='ocrx_word' id='word_1_130' title='bbox 1002 2201 1196 2300; x_wconf 90' lang='lat' dir='ltr'><strong>meipsum.</strong></span> 
     </span>
    </p>

    <p class='ocr_par' dir='ltr' id='par_1_8' title="bbox 62 2322 1199 2681">
     <span class='ocr_line' id='line_1_17' title="bbox 169 2322 1199 2418; baseline 0.003 -15"><span class='ocrx_word' id='word_1_131' title='bbox 169 2322 223 2403; x_wconf 73' lang='lat'><strong>22</strong></span> <span class='ocrx_word' id='word_1_132' title='bbox 250 2325 346 2403; x_wconf 83' lang='lat' dir='ltr'><strong>Dicit</strong></span> <span class='ocrx_word' id='word_1_133' title='bbox 373 2331 407 2405; x_wconf 90' lang='lat' dir='ltr'><strong>ei</strong></span> <span class='ocrx_word' id='word_1_134' title='bbox 440 2330 565 2414; x_wconf 87' lang='lat' dir='ltr'><strong>ludas,</strong></span> <span class='ocrx_word' id='word_1_135' title='bbox 593 2353 666 2404; x_wconf 92' lang='lat' dir='ltr'><strong>non</strong></span> <span class='ocrx_word' id='word_1_136' title='bbox 694 2329 756 2405; x_wconf 90' lang='lat' dir='ltr'><strong>ille</strong></span> <span class='ocrx_word' id='word_1_137' title='bbox 785 2328 989 2404; x_wconf 87' lang='lat' dir='ltr'><strong>lsoariotes:</strong></span> <span class='ocrx_word' id='word_1_138' title='bbox 1032 2327 1199 2418; x_wconf 87' lang='lat' dir='ltr'><strong>Domine,</strong></span> 
     </span>
     <span class='ocr_line' id='line_1_18' title="bbox 62 2453 1199 2556; baseline 0.004 -27"><span class='ocrx_word' id='word_1_139' title='bbox 62 2454 151 2553; x_wconf 90' lang='lat' dir='ltr'><strong>quid</strong></span> <span class='ocrx_word' id='word_1_140' title='bbox 184 2453 323 2532; x_wconf 83' lang='lat' dir='ltr'><strong>laetum</strong></span> <span class='ocrx_word' id='word_1_141' title='bbox 354 2470 435 2542; x_wconf 88' lang='lat' dir='ltr'><strong>est,</strong></span> <span class='ocrx_word' id='word_1_142' title='bbox 467 2457 551 2556; x_wconf 89' lang='lat' dir='ltr'><strong>quia</strong></span> <span class='ocrx_word' id='word_1_143' title='bbox 584 2455 883 2532; x_wconf 83' lang='lat' dir='ltr'><strong>manifestaturus</strong></span> <span class='ocrx_word' id='word_1_144' title='bbox 915 2480 955 2532; x_wconf 89' lang='lat' dir='ltr'><strong>es</strong></span> <span class='ocrx_word' id='word_1_145' title='bbox 990 2457 1095 2532; x_wconf 89' lang='lat' dir='ltr'><strong>nobis</strong></span> <span class='ocrx_word' id='word_1_146' title='bbox 1127 2457 1199 2534; x_wconf 87' lang='lat' dir='ltr'><strong>tei-</strong></span> 
     </span>
     <span class='ocr_line' id='line_1_19' title="bbox 62 2582 546 2681; baseline 0.004 -25"><span class='ocrx_word' id='word_1_147' title='bbox 62 2604 184 2681; x_wconf 86' lang='lat' dir='ltr'><strong>psum,</strong></span> <span class='ocrx_word' id='word_1_148' title='bbox 211 2595 251 2657; x_wconf 89' lang='lat' dir='ltr'><strong>et</strong></span> <span class='ocrx_word' id='word_1_149' title='bbox 278 2607 348 2658; x_wconf 92' lang='lat' dir='ltr'><strong>non</strong></span> <span class='ocrx_word' id='word_1_150' title='bbox 375 2582 546 2659; x_wconf 73' lang='lat' dir='ltr'><strong>mundo?</strong></span> 
     </span>
    </p>

    <p class='ocr_par' dir='ltr' id='par_1_9' title="bbox 63 2702 1202 3068">
     <span class='ocr_line' id='line_1_20' title="bbox 169 2702 1202 2810; baseline 0.005 -27"><span class='ocrx_word' id='word_1_151' title='bbox 169 2702 223 2784; x_wconf 75' lang='lat'><strong>23</strong></span> <span class='ocrx_word' id='word_1_152' title='bbox 250 2708 452 2809; x_wconf 86' lang='lat' dir='ltr'><strong>Respondit</strong></span> <span class='ocrx_word' id='word_1_153' title='bbox 469 2712 585 2799; x_wconf 89' lang='lat' dir='ltr'><strong>lesus,</strong></span> <span class='ocrx_word' id='word_1_154' title='bbox 613 2725 652 2787; x_wconf 86' lang='lat' dir='ltr'><strong>et</strong></span> <span class='ocrx_word' id='word_1_155' title='bbox 677 2711 770 2787; x_wconf 85' lang='lat' dir='ltr'><strong>dixit</strong></span> <span class='ocrx_word' id='word_1_156' title='bbox 784 2710 830 2788; x_wconf 89' lang='lat' dir='ltr'><strong>ei:</strong></span> <span class='ocrx_word' id='word_1_157' title='bbox 847 2709 885 2785; x_wconf 88' lang='lat' dir='ltr'><strong>Si</strong></span> <span class='ocrx_word' id='word_1_158' title='bbox 898 2711 980 2810; x_wconf 86' lang='lat' dir='ltr'><strong>quis</strong></span> <span class='ocrx_word' id='word_1_159' title='bbox 997 2711 1202 2809; x_wconf 89' lang='lat' dir='ltr'><strong>diligitme,</strong></span> 
     </span>
     <span class='ocr_line' id='line_1_21' title="bbox 63 2838 1200 2938; baseline 0.002 -26"><span class='ocrx_word' id='word_1_160' title='bbox 63 2855 271 2913; x_wconf 81' lang='lat' dir='ltr'><strong>sermonem</strong></span> <span class='ocrx_word' id='word_1_161' title='bbox 297 2863 421 2916; x_wconf 92' lang='lat' dir='ltr'><strong>meum</strong></span> <span class='ocrx_word' id='word_1_162' title='bbox 449 2839 622 2926; x_wconf 85' lang='lat' dir='ltr'><strong>servabit,</strong></span> <span class='ocrx_word' id='word_1_163' title='bbox 641 2852 679 2915; x_wconf 87' lang='lat' dir='ltr'><strong>ot</strong></span> <span class='ocrx_word' id='word_1_164' title='bbox 706 2838 815 2914; x_wconf 85' lang='lat' dir='ltr'><strong>Pater</strong></span> <span class='ocrx_word' id='word_1_165' title='bbox 833 2863 937 2915; x_wconf 91' lang='lat' dir='ltr'><strong>meus</strong></span> <span class='ocrx_word' id='word_1_166' title='bbox 959 2839 1084 2938; x_wconf 88' lang='lat' dir='ltr'><strong>diliget</strong></span> <span class='ocrx_word' id='word_1_167' title='bbox 1101 2863 1200 2928; x_wconf 91' lang='lat' dir='ltr'><strong>eum,</strong></span> 
     </span>
     <span class='ocr_line' id='line_1_22' title="bbox 65 2967 1199 3068; baseline 0.003 -26"><span class='ocrx_word' id='word_1_168' title='bbox 65 2980 104 3043; x_wconf 88' lang='lat' dir='ltr'><strong>et</strong></span> <span class='ocrx_word' id='word_1_169' title='bbox 118 2969 164 3043; x_wconf 91' lang='lat' dir='ltr'><strong>ad</strong></span> <span class='ocrx_word' id='word_1_170' title='bbox 179 2992 263 3043; x_wconf 87' lang='lat' dir='ltr'><strong>eum</strong></span> <span class='ocrx_word' id='word_1_171' title='bbox 278 2970 480 3056; x_wconf 86' lang='lat' dir='ltr'><strong>veniemus,</strong></span> <span class='ocrx_word' id='word_1_172' title='bbox 496 2984 534 3045; x_wconf 88' lang='lat' dir='ltr'><strong>et</strong></span> <span class='ocrx_word' id='word_1_173' title='bbox 547 2971 774 3046; x_wconf 88' lang='lat' dir='ltr'><strong>mansionem</strong></span> <span class='ocrx_word' id='word_1_174' title='bbox 794 2969 889 3068; x_wconf 88' lang='lat' dir='ltr'><strong>apud</strong></span> <span class='ocrx_word' id='word_1_175' title='bbox 907 2992 991 3045; x_wconf 91' lang='lat' dir='ltr'><strong>eum</strong></span> <span class='ocrx_word' id='word_1_176' title='bbox 1011 2967 1199 3045; x_wconf 81' lang='lat' dir='ltr'><strong>faciemus:</strong></span> 
     </span>
    </p>

    <p class='ocr_par' dir='ltr' id='par_1_10' title="bbox 65 3090 1203 3452">
     <span class='ocr_line' id='line_1_23' title="bbox 174 3090 1203 3196; baseline 0.002 -25"><span class='ocrx_word' id='word_1_177' title='bbox 174 3090 227 3173; x_wconf 77' lang='lat' dir='ltr'><strong>2d</strong></span> <span class='ocrx_word' id='word_1_178' title='bbox 254 3099 315 3196; x_wconf 92' lang='lat' dir='ltr'><strong>qui</strong></span> <span class='ocrx_word' id='word_1_179' title='bbox 344 3122 414 3172; x_wconf 92' lang='lat' dir='ltr'><strong>non</strong></span> <span class='ocrx_word' id='word_1_180' title='bbox 442 3099 559 3196; x_wconf 79' lang='lat' dir='ltr'><strong>diligit</strong></span> <span class='ocrx_word' id='word_1_181' title='bbox 584 3121 658 3185; x_wconf 90' lang='lat' dir='ltr'><strong>me,</strong></span> <span class='ocrx_word' id='word_1_182' title='bbox 686 3120 874 3172; x_wconf 86' lang='lat' dir='ltr'><strong>sermones</strong></span> <span class='ocrx_word' id='word_1_183' title='bbox 901 3120 1002 3172; x_wconf 88' lang='lat' dir='ltr'><strong>meos</strong></span> <span class='ocrx_word' id='word_1_184' title='bbox 1029 3121 1101 3172; x_wconf 89' lang='lat' dir='ltr'><strong>noo</strong></span> <span class='ocrx_word' id='word_1_185' title='bbox 1125 3121 1203 3174; x_wconf 87' lang='lat' dir='ltr'><strong>ser-</strong></span> 
     </span>
     <span class='ocr_line' id='line_1_24' title="bbox 65 3223 1202 3326; baseline 0.003 -27"><span class='ocrx_word' id='word_1_186' title='bbox 65 3237 144 3299; x_wconf 90' lang='lat' dir='ltr'><strong>vat.</strong></span> <span class='ocrx_word' id='word_1_187' title='bbox 172 3223 221 3301; x_wconf 86' lang='lat' dir='ltr'><strong>Et</strong></span> <span class='ocrx_word' id='word_1_188' title='bbox 248 3249 467 3313; x_wconf 88' lang='lat' dir='ltr'><strong>sermonem,</strong></span> <span class='ocrx_word' id='word_1_189' title='bbox 487 3251 596 3326; x_wconf 92' lang='lat' dir='ltr'><strong>quem</strong></span> <span class='ocrx_word' id='word_1_190' title='bbox 623 3226 789 3314; x_wconf 87' lang='lat' dir='ltr'><strong>audistis,</strong></span> <span class='ocrx_word' id='word_1_191' title='bbox 817 3249 888 3300; x_wconf 91' lang='lat' dir='ltr'><strong>non</strong></span> <span class='ocrx_word' id='word_1_192' title='bbox 917 3238 974 3302; x_wconf 88' lang='lat' dir='ltr'><strong>est</strong></span> <span class='ocrx_word' id='word_1_193' title='bbox 992 3248 1117 3300; x_wconf 88' lang='lat' dir='ltr'><strong>meus:</strong></span> <span class='ocrx_word' id='word_1_194' title='bbox 1138 3227 1202 3302; x_wconf 82' lang='lat' dir='ltr'><strong>sed</strong></span> 
     </span>
     <span class='ocr_line' id='line_1_25' title="bbox 66 3352 638 3452; baseline 0.003 -26"><span class='ocrx_word' id='word_1_195' title='bbox 66 3352 159 3441; x_wconf 77' lang='lat' dir='ltr'><strong>eino,</strong></span> <span class='ocrx_word' id='word_1_196' title='bbox 187 3355 249 3452; x_wconf 94' lang='lat' dir='ltr'><strong>qui</strong></span> <span class='ocrx_word' id='word_1_197' title='bbox 276 3355 376 3429; x_wconf 91' lang='lat' dir='ltr'><strong>misit</strong></span> <span class='ocrx_word' id='word_1_198' title='bbox 402 3379 476 3441; x_wconf 89' lang='lat' dir='ltr'><strong>me,</strong></span> <span class='ocrx_word' id='word_1_199' title='bbox 503 3354 638 3430; x_wconf 79' lang='lat' dir='ltr'><strong>Patris,</strong></span> 
     </span>
    </p>

    <p class='ocr_par' dir='ltr' id='par_1_11' title="bbox 171 3476 1133 3580">
     <span class='ocr_line' id='line_1_26' title="bbox 171 3476 1133 3580; baseline -0.001 -25"><span class='ocrx_word' id='word_1_200' title='bbox 171 3476 224 3556; x_wconf 76' lang='lat'><strong>25</strong></span> <span class='ocrx_word' id='word_1_201' title='bbox 252 3479 349 3556; x_wconf 85' lang='lat' dir='ltr'><strong>Haeo</strong></span> <span class='ocrx_word' id='word_1_202' title='bbox 376 3483 519 3556; x_wconf 87' lang='lat' dir='ltr'><strong>locutus</strong></span> <span class='ocrx_word' id='word_1_203' title='bbox 547 3506 626 3556; x_wconf 91' lang='lat' dir='ltr'><strong>sum</strong></span> <span class='ocrx_word' id='word_1_204' title='bbox 643 3481 746 3557; x_wconf 87' lang='lat' dir='ltr'><strong>vobis</strong></span> <span class='ocrx_word' id='word_1_205' title='bbox 765 3482 861 3580; x_wconf 89' lang='lat' dir='ltr'><strong>apud</strong></span> <span class='ocrx_word' id='word_1_206' title='bbox 889 3505 953 3556; x_wconf 91' lang='lat' dir='ltr'><strong>vos</strong></span> <span class='ocrx_word' id='word_1_207' title='bbox 968 3504 1133 3557; x_wconf 89' lang='lat' dir='ltr'><strong>manens.</strong></span> 
     </span>
    </p>

    <p class='ocr_par' dir='ltr' id='par_1_12' title="bbox 66 3590 1207 3966">
     <span class='ocr_line' id='line_1_27' title="bbox 172 3590 1204 3709; baseline 0.001 -26"><span class='ocrx_word' id='word_1_208' title='bbox 172 3590 455 3685; x_wconf 63' lang='lat' dir='ltr'><strong>ultramuros</strong></span> <span class='ocrx_word' id='word_1_209' title='bbox 481 3622 605 3684; x_wconf 86' lang='lat' dir='ltr'><strong>autem</strong></span> <span class='ocrx_word' id='word_1_210' title='bbox 633 3608 788 3709; x_wconf 88' lang='lat' dir='ltr'><strong>Spiritus</strong></span> <span class='ocrx_word' id='word_1_211' title='bbox 812 3623 972 3694; x_wconf 84' lang='lat' dir='ltr'><strong>sanetus,</strong></span> <span class='ocrx_word' id='word_1_212' title='bbox 992 3632 1101 3707; x_wconf 81' lang='lat' dir='ltr'><strong>quem</strong></span> <span class='ocrx_word' id='word_1_213' title='bbox 1117 3607 1204 3684; x_wconf 90' lang='lat' dir='ltr'><strong>mit·</strong></span> 
     </span>
     <span class='ocr_line' id='line_1_28' title="bbox 66 3735 1207 3833; baseline -0.004 -20"><span class='ocrx_word' id='word_1_214' title='bbox 66 3749 123 3813; x_wconf 88' lang='lat' dir='ltr'><strong>tet</strong></span> <span class='ocrx_word' id='word_1_215' title='bbox 141 3735 250 3813; x_wconf 88' lang='lat' dir='ltr'><strong>Pater</strong></span> <span class='ocrx_word' id='word_1_216' title='bbox 268 3740 304 3811; x_wconf 91' lang='lat' dir='ltr'><strong>in</strong></span> <span class='ocrx_word' id='word_1_217' title='bbox 319 3739 463 3812; x_wconf 90' lang='lat' dir='ltr'><strong>nomine</strong></span> <span class='ocrx_word' id='word_1_218' title='bbox 478 3761 575 3825; x_wconf 86' lang='lat' dir='ltr'><strong>meo,</strong></span> <span class='ocrx_word' id='word_1_219' title='bbox 589 3737 652 3811; x_wconf 90' lang='lat' dir='ltr'><strong>ille</strong></span> <span class='ocrx_word' id='word_1_220' title='bbox 671 3760 736 3812; x_wconf 90' lang='lat' dir='ltr'><strong>vos</strong></span> <span class='ocrx_word' id='word_1_221' title='bbox 751 3736 894 3814; x_wconf 83' lang='lat' dir='ltr'><strong>docebit</strong></span> <span class='ocrx_word' id='word_1_222' title='bbox 912 3736 1047 3823; x_wconf 88' lang='lat' dir='ltr'><strong>omnia,</strong></span> <span class='ocrx_word' id='word_1_223' title='bbox 1067 3749 1104 3810; x_wconf 90' lang='lat' dir='ltr'><strong>et</strong></span> <span class='ocrx_word' id='word_1_224' title='bbox 1120 3760 1207 3833; x_wconf 85' lang='lat' dir='ltr'><strong>sug-</strong></span> 
     </span>
     <span class='ocr_line' id='line_1_29' title="bbox 66 3865 990 3966; baseline -0.003 -25"><span class='ocrx_word' id='word_1_225' title='bbox 66 3879 171 3965; x_wconf 83' lang='lat' dir='ltr'><strong>geret</strong></span> <span class='ocrx_word' id='word_1_226' title='bbox 185 3865 288 3940; x_wconf 87' lang='lat' dir='ltr'><strong>vobis</strong></span> <span class='ocrx_word' id='word_1_227' title='bbox 303 3866 437 3953; x_wconf 91' lang='lat' dir='ltr'><strong>omnia,</strong></span> <span class='ocrx_word' id='word_1_228' title='bbox 453 3890 701 3966; x_wconf 83' lang='lat' dir='ltr'><strong>quaecumque</strong></span> <span class='ocrx_word' id='word_1_229' title='bbox 729 3868 855 3942; x_wconf 83' lang='lat' dir='ltr'><strong>dixero</strong></span> <span class='ocrx_word' id='word_1_230' title='bbox 875 3865 990 3940; x_wconf 90' lang='lat' dir='ltr'><strong>vobis.</strong></span> 
     </span>
    </p>

    <p class='ocr_par' dir='ltr' id='par_1_13' title="bbox 67 3988 1207 4347">
     <span class='ocr_line' id='line_1_30' title="bbox 172 3988 1206 4095; baseline -0.002 -27"><span class='ocrx_word' id='word_1_231' title='bbox 172 3988 224 4068; x_wconf 77' lang='lat'><strong>27</strong></span> <span class='ocrx_word' id='word_1_232' title='bbox 253 3993 385 4069; x_wconf 86' lang='lat' dir='ltr'><strong>Pacem</strong></span> <span class='ocrx_word' id='word_1_233' title='bbox 404 3994 568 4091; x_wconf 90' lang='lat' dir='ltr'><strong>relinquo</strong></span> <span class='ocrx_word' id='word_1_234' title='bbox 583 3995 700 4084; x_wconf 90' lang='lat' dir='ltr'><strong>vobis,</strong></span> <span class='ocrx_word' id='word_1_235' title='bbox 719 4018 847 4095; x_wconf 86' lang='lat' dir='ltr'><strong>pacem</strong></span> <span class='ocrx_word' id='word_1_236' title='bbox 867 4017 989 4070; x_wconf 88' lang='lat' dir='ltr'><strong>meam</strong></span> <span class='ocrx_word' id='word_1_237' title='bbox 1015 3993 1061 4069; x_wconf 93' lang='lat' dir='ltr'><strong>do</strong></span> <span class='ocrx_word' id='word_1_238' title='bbox 1090 3991 1206 4067; x_wconf 74' lang='lat' dir='ltr'><strong>vobist</strong></span> 
     </span>
     <span class='ocr_line' id='line_1_31' title="bbox 67 4118 1207 4221; baseline 0.001 -28"><span class='ocrx_word' id='word_1_239' title='bbox 67 4144 142 4195; x_wconf 90' lang='lat' dir='ltr'><strong>non</strong></span> <span class='ocrx_word' id='word_1_240' title='bbox 168 4122 347 4219; x_wconf 93' lang='lat' dir='ltr'><strong>quomodo</strong></span> <span class='ocrx_word' id='word_1_241' title='bbox 366 4121 521 4195; x_wconf 92' lang='lat' dir='ltr'><strong>mundus</strong></span> <span class='ocrx_word' id='word_1_242' title='bbox 542 4122 618 4209; x_wconf 88' lang='lat' dir='ltr'><strong>dat,</strong></span> <span class='ocrx_word' id='word_1_243' title='bbox 647 4124 780 4221; x_wconf 85' lang='lat' dir='ltr'><strong>egedo</strong></span> <span class='ocrx_word' id='word_1_244' title='bbox 800 4122 915 4199; x_wconf 87' lang='lat' dir='ltr'><strong>vobis.</strong></span> <span class='ocrx_word' id='word_1_245' title='bbox 936 4119 1015 4197; x_wconf 90' lang='lat' dir='ltr'><strong>Nou</strong></span> <span class='ocrx_word' id='word_1_246' title='bbox 1039 4118 1207 4195; x_wconf 82' lang='lat' dir='ltr'><strong>turbetur</strong></span> 
     </span>
     <span class='ocr_line' id='line_1_32' title="bbox 68 4247 685 4347; baseline 0 -24"><span class='ocrx_word' id='word_1_247' title='bbox 68 4271 132 4323; x_wconf 88' lang='lat' dir='ltr'><strong>eor</strong></span> <span class='ocrx_word' id='word_1_248' title='bbox 160 4262 339 4336; x_wconf 88' lang='lat' dir='ltr'><strong>vestrum,</strong></span> <span class='ocrx_word' id='word_1_249' title='bbox 367 4273 484 4347; x_wconf 90' lang='lat' dir='ltr'><strong>neque</strong></span> <span class='ocrx_word' id='word_1_250' title='bbox 503 4247 685 4325; x_wconf 86' lang='lat' dir='ltr'><strong>formidet.</strong></span> 
     </span>
    </p>
   </div>
   <div class='ocr_carea' id='block_1_3' title="bbox 0 0 1512 4912">
    <p class='ocr_par' dir='ltr' id='par_1_14' title="bbox 0 0 1512 4912">
     <span class='ocr_line' id='line_1_33' title="bbox 0 0 1512 4912; baseline 0 0"><span class='ocrx_word' id='word_1_251' title='bbox 0 0 1512 4912; x_wconf 95' lang='lat' dir='ltr'><strong> </strong></span> 
     </span>
    </p>
   </div>
  </div>
 </body>
</html>
