<?xml version="1.0" encoding="UTF-8"?>
<!DOCTYPE html PUBLIC "-//W3C//DTD XHTML 1.0 Transitional//EN"
    "http://www.w3.org/TR/xhtml1/DTD/xhtml1-transitional.dtd">
<html xmlns="http://www.w3.org/1999/xhtml" xml:lang="en" lang="en">
 <head>
  <title>
</title>
<meta http-equiv="Content-Type" content="text/html;charset=utf-8" />
  <meta name='ocr-system' content='tesseract 3.04.00' />
  <meta name='ocr-capabilities' content='ocr_page ocr_carea ocr_par ocr_line ocrx_word'/>
</head>
<body>
  <div class='ocr_page' id='page_1' title='image "./franciscixaveri00patrgoog_0091.png"; bbox 0 0 2986 4912; ppageno 0'>
   <div class='ocr_carea' id='block_1_1' title="bbox 296 280 1438 4003">
    <p class='ocr_par' dir='ltr' id='par_1_1' title="bbox 302 280 1079 347">
     <span class='ocr_line' id='line_1_1' title="bbox 302 280 1079 347; baseline -0.005 -2"><span class='ocrx_word' id='word_1_1' title='bbox 302 280 344 347; x_wconf 78' lang='grc'><strong>76</strong></span> <span class='ocrx_word' id='word_1_2' title='bbox 622 296 652 342; x_wconf 83' lang='lat' dir='ltr'><strong>rr</strong></span> <span class='ocrx_word' id='word_1_3' title='bbox 674 293 810 342; x_wconf 74' lang='lat' dir='ltr'><strong>roarrrr</strong></span> <span class='ocrx_word' id='word_1_4' title='bbox 831 291 1079 341; x_wconf 70' lang='lat' dir='ltr'><strong>conssrant!</strong></span> 
     </span>
    </p>

    <p class='ocr_par' dir='ltr' id='par_1_2' title="bbox 296 377 1434 1369">
     <span class='ocr_line' id='line_1_2' title="bbox 301 377 1434 464; baseline -0.002 -17"><span class='ocrx_word' id='word_1_5' title='bbox 301 404 334 447; x_wconf 82' lang='lat' dir='ltr'><strong>v.</strong></span> <span class='ocrx_word' id='word_1_6' title='bbox 355 382 397 448; x_wconf 83' lang='grc'><strong>66</strong></span> <span class='ocrx_word' id='word_1_7' title='bbox 416 389 622 463; x_wconf 89' lang='lat' dir='ltr'><strong>repetuntur,</strong></span> <span class='ocrx_word' id='word_1_8' title='bbox 648 389 687 443; x_wconf 90' lang='lat' dir='ltr'><strong>ut</strong></span> <span class='ocrx_word' id='word_1_9' title='bbox 707 386 841 459; x_wconf 89' lang='lat' dir='ltr'><strong>apparet</strong></span> <span class='ocrx_word' id='word_1_10' title='bbox 861 399 905 441; x_wconf 82' lang='lat' dir='ltr'><strong>ex</strong></span> <span class='ocrx_word' id='word_1_11' title='bbox 923 380 1031 442; x_wconf 80' lang='lat' dir='ltr'><strong>verbis</strong></span> <span class='ocrx_word' id='word_1_12' title='bbox 1051 377 1134 441; x_wconf 71' lang='lat' dir='ltr'><strong>Diri</strong></span> <span class='ocrx_word' id='word_1_13' title='bbox 1153 379 1250 456; x_wconf 81' lang='lat' dir='ltr'><strong>vohis,</strong></span> <span class='ocrx_word' id='word_1_14' title='bbox 1273 388 1306 443; x_wconf 90' lang='lat' dir='ltr'><strong>et</strong></span> <span class='ocrx_word' id='word_1_15' title='bbox 1325 380 1434 464; x_wconf 81' lang='lat' dir='ltr'><strong>expli-</strong></span> 
     </span>
     <span class='ocr_line' id='line_1_3' title="bbox 298 475 1430 564; baseline -0.003 -17"><span class='ocrx_word' id='word_1_16' title='bbox 298 492 416 547; x_wconf 79' lang='lat' dir='ltr'><strong>cantur</strong></span> <span class='ocrx_word' id='word_1_17' title='bbox 429 488 599 564; x_wconf 86' lang='lat' dir='ltr'><strong>quaesunt</strong></span> <span class='ocrx_word' id='word_1_18' title='bbox 611 483 644 543; x_wconf 89' lang='lat' dir='ltr'><strong>in</strong></span> <span class='ocrx_word' id='word_1_19' title='bbox 657 501 712 546; x_wconf 77' lang='lat' dir='ltr'><strong>w.</strong></span> <span class='ocrx_word' id='word_1_20' title='bbox 727 475 768 545; x_wconf 90' lang='grc'><strong>44</strong></span> <span class='ocrx_word' id='word_1_21' title='bbox 786 486 819 541; x_wconf 89' lang='lat' dir='ltr'><strong>et</strong></span> <span class='ocrx_word' id='word_1_22' title='bbox 838 475 891 556; x_wconf 86' lang='grc'><strong>45,</strong></span> <span class='ocrx_word' id='word_1_23' title='bbox 913 499 1056 559; x_wconf 89' lang='lat' dir='ltr'><strong>quornm</strong></span> <span class='ocrx_word' id='word_1_24' title='bbox 1076 482 1258 560; x_wconf 81' lang='lat' dir='ltr'><strong>posteriora</strong></span> <span class='ocrx_word' id='word_1_25' title='bbox 1277 484 1430 562; x_wconf 84' lang='lat' dir='ltr'>priorum</span> 
     </span>
     <span class='ocr_line' id='line_1_4' title="bbox 299 579 1430 665; baseline -0.005 -17"><span class='ocrx_word' id='word_1_26' title='bbox 299 584 474 665; x_wconf 78' lang='lat' dir='ltr'><strong>explicatio</strong></span> <span class='ocrx_word' id='word_1_27' title='bbox 500 584 578 646; x_wconf 90' lang='lat' dir='ltr'><strong>item</strong></span> <span class='ocrx_word' id='word_1_28' title='bbox 600 588 686 645; x_wconf 84' lang='lat' dir='ltr'><strong>sunt.</strong></span> <span class='ocrx_word' id='word_1_29' title='bbox 709 579 859 644; x_wconf 82' lang='lat' dir='ltr'><strong>Edicitnr</strong></span> <span class='ocrx_word' id='word_1_30' title='bbox 881 599 1011 642; x_wconf 86' lang='lat' dir='ltr'><strong>sensnm</strong></span> <span class='ocrx_word' id='word_1_31' title='bbox 1036 599 1152 644; x_wconf 80' lang='lat' dir='ltr'><strong>versus</strong></span> <span class='ocrx_word' id='word_1_32' title='bbox 1174 580 1214 645; x_wconf 82' lang='lat'><strong>37</strong></span> <span class='ocrx_word' id='word_1_33' title='bbox 1237 584 1324 645; x_wconf 90' lang='lat' dir='ltr'><strong>hunc</strong></span> <span class='ocrx_word' id='word_1_34' title='bbox 1343 602 1430 645; x_wconf 87' lang='lat' dir='ltr'><strong>esse:</strong></span> 
     </span>
     <span class='ocr_line' id='line_1_5' title="bbox 301 682 1433 767; baseline -0.004 -16"><span class='ocrx_word' id='word_1_35' title='bbox 301 684 414 760; x_wconf 79' lang='lat' dir='ltr'><strong>Omne,</strong></span> <span class='ocrx_word' id='word_1_36' title='bbox 441 687 524 767; x_wconf 77' lang='lat' dir='ltr'><strong>quud</strong></span> <span class='ocrx_word' id='word_1_37' title='bbox 549 686 604 747; x_wconf 83' lang='lat' dir='ltr'><strong>dut</strong></span> <span class='ocrx_word' id='word_1_38' title='bbox 619 682 699 747; x_wconf 78' lang='lat' dir='ltr'><strong>mihi</strong></span> <span class='ocrx_word' id='word_1_39' title='bbox 717 683 829 756; x_wconf 83' lang='lat' dir='ltr'><strong>Pater,</strong></span> <span class='ocrx_word' id='word_1_40' title='bbox 853 682 955 744; x_wconf 81' lang='lat' dir='ltr'><strong>omnis</strong></span> <span class='ocrx_word' id='word_1_41' title='bbox 975 703 1065 765; x_wconf 83' lang='lat' dir='ltr'><strong>quem</strong></span> <span class='ocrx_word' id='word_1_42' title='bbox 1083 683 1182 746; x_wconf 84' lang='lat' dir='ltr'><strong>Pater</strong></span> <span class='ocrx_word' id='word_1_43' title='bbox 1204 686 1352 759; x_wconf 63' lang='lat' dir='ltr'><strong>mouerit,</strong></span> <span class='ocrx_word' id='word_1_44' title='bbox 1372 684 1433 766; x_wconf 75' lang='lat' dir='ltr'><strong>qui</strong></span> 
     </span>
     <span class='ocr_line' id='line_1_6' title="bbox 296 783 1433 865; baseline -0.001 -15"><span class='ocrx_word' id='word_1_45' title='bbox 296 786 423 850; x_wconf 80' lang='lat' dir='ltr'><strong>audivit</strong></span> <span class='ocrx_word' id='word_1_46' title='bbox 447 807 469 849; x_wconf 84' lang='lat' dir='ltr'><strong><em>a</em></strong></span> <span class='ocrx_word' id='word_1_47' title='bbox 495 786 593 850; x_wconf 84' lang='lat' dir='ltr'><strong>Putre</strong></span> <span class='ocrx_word' id='word_1_48' title='bbox 619 795 648 847; x_wconf 92' lang='lat' dir='ltr'><strong>et</strong></span> <span class='ocrx_word' id='word_1_49' title='bbox 670 783 796 858; x_wconf 78' lang='lat' dir='ltr'><strong>didicit,</strong></span> <span class='ocrx_word' id='word_1_50' title='bbox 822 784 876 846; x_wconf 84' lang='lat' dir='ltr'><strong>cui</strong></span> <span class='ocrx_word' id='word_1_51' title='bbox 900 785 999 865; x_wconf 75' lang='lat' dir='ltr'><strong>suerit</strong></span> <span class='ocrx_word' id='word_1_52' title='bbox 1024 788 1132 847; x_wconf 78' lang='lat' dir='ltr'><strong>dutum</strong></span> <span class='ocrx_word' id='word_1_53' title='bbox 1156 809 1177 848; x_wconf 91' lang='lat' dir='ltr'><strong>u</strong></span> <span class='ocrx_word' id='word_1_54' title='bbox 1204 787 1314 861; x_wconf 86' lang='lat' dir='ltr'><strong>Patre,</strong></span> <span class='ocrx_word' id='word_1_55' title='bbox 1340 785 1433 849; x_wconf 78' lang='lat' dir='ltr'><strong>vertit</strong></span> 
     </span>
     <span class='ocr_line' id='line_1_7' title="bbox 298 886 1432 968; baseline 0 -17"><span class='ocrx_word' id='word_1_56' title='bbox 298 890 342 951; x_wconf 85' lang='lat' dir='ltr'><strong>ud</strong></span> <span class='ocrx_word' id='word_1_57' title='bbox 359 907 419 962; x_wconf 83' lang='lat' dir='ltr'><strong>me,</strong></span> <span class='ocrx_word' id='word_1_58' title='bbox 444 889 506 952; x_wconf 90' lang='lat' dir='ltr'><strong>hoc</strong></span> <span class='ocrx_word' id='word_1_59' title='bbox 533 895 594 964; x_wconf 81' lang='lat' dir='ltr'><strong>est,</strong></span> <span class='ocrx_word' id='word_1_60' title='bbox 619 888 652 948; x_wconf 91' lang='lat' dir='ltr'><strong>in</strong></span> <span class='ocrx_word' id='word_1_61' title='bbox 689 905 741 948; x_wconf 86' lang='lat' dir='ltr'><strong>me</strong></span> <span class='ocrx_word' id='word_1_62' title='bbox 763 886 883 966; x_wconf 84' lang='lat' dir='ltr'><strong>credit3</strong></span> <span class='ocrx_word' id='word_1_63' title='bbox 906 905 974 948; x_wconf 85' lang='lat' dir='ltr'><strong>cum</strong></span> <span class='ocrx_word' id='word_1_64' title='bbox 998 887 1160 968; x_wconf 82' lang='lat' dir='ltr'><strong>vero,qui</strong></span> <span class='ocrx_word' id='word_1_65' title='bbox 1181 889 1268 950; x_wconf 81' lang='lat' dir='ltr'><strong>veuit</strong></span> <span class='ocrx_word' id='word_1_66' title='bbox 1290 892 1334 951; x_wconf 87' lang='lat' dir='ltr'><strong>od</strong></span> <span class='ocrx_word' id='word_1_67' title='bbox 1356 909 1432 964; x_wconf 83' lang='lat' dir='ltr'><strong>me,</strong></span> 
     </span>
     <span class='ocr_line' id='line_1_8' title="bbox 298 986 1432 1072; baseline 0 -18"><span class='ocrx_word' id='word_1_68' title='bbox 298 991 357 1071; x_wconf 92' lang='lat' dir='ltr'><strong>qui</strong></span> <span class='ocrx_word' id='word_1_69' title='bbox 371 991 403 1052; x_wconf 91' lang='lat' dir='ltr'><strong>iu</strong></span> <span class='ocrx_word' id='word_1_70' title='bbox 416 1009 468 1054; x_wconf 95' lang='lat' dir='ltr'><strong>me</strong></span> <span class='ocrx_word' id='word_1_71' title='bbox 481 990 596 1066; x_wconf 88' lang='lat' dir='ltr'><strong>credit,</strong></span> <span class='ocrx_word' id='word_1_72' title='bbox 611 1007 677 1049; x_wconf 74' lang='lat' dir='ltr'><strong>nori</strong></span> <span class='ocrx_word' id='word_1_73' title='bbox 691 986 814 1050; x_wconf 85' lang='lat' dir='ltr'><strong>eiicium</strong></span> <span class='ocrx_word' id='word_1_74' title='bbox 832 991 931 1068; x_wconf 74' lang='lat' dir='ltr'><strong>sorus,</strong></span> <span class='ocrx_word' id='word_1_75' title='bbox 953 990 1016 1051; x_wconf 92' lang='lat' dir='ltr'><strong>hoc</strong></span> <span class='ocrx_word' id='word_1_76' title='bbox 1036 997 1098 1066; x_wconf 80' lang='lat' dir='ltr'><strong>est,</strong></span> <span class='ocrx_word' id='word_1_77' title='bbox 1119 996 1157 1052; x_wconf 92' lang='lat' dir='ltr'><strong>ut</strong></span> <span class='ocrx_word' id='word_1_78' title='bbox 1176 1008 1253 1053; x_wconf 83' lang='lat' dir='ltr'><strong>mon</strong></span> <span class='ocrx_word' id='word_1_79' title='bbox 1274 992 1432 1072; x_wconf 81' lang='lat' dir='ltr'><strong>explicat,</strong></span> 
     </span>
     <span class='ocr_line' id='line_1_9' title="bbox 297 1087 1434 1172; baseline 0.001 -18"><span class='ocrx_word' id='word_1_80' title='bbox 297 1109 364 1154; x_wconf 77' lang='lat' dir='ltr'><strong>nore</strong></span> <span class='ocrx_word' id='word_1_81' title='bbox 379 1093 511 1172; x_wconf 79' lang='lat' dir='ltr'><strong>perdam</strong></span> <span class='ocrx_word' id='word_1_82' title='bbox 531 1110 570 1151; x_wconf 83' lang='lat' dir='ltr'><strong>ear</strong></span> <span class='ocrx_word' id='word_1_83' title='bbox 589 1109 623 1150; x_wconf 92' lang='lat' dir='ltr'><strong>eo</strong></span> <span class='ocrx_word' id='word_1_84' title='bbox 647 1109 679 1152; x_wconf 80' lang='lat' dir='ltr'><strong>r.</strong></span> <span class='ocrx_word' id='word_1_85' title='bbox 704 1087 766 1166; x_wconf 82' lang='lat'><strong>39,</strong></span> <span class='ocrx_word' id='word_1_86' title='bbox 795 1108 859 1151; x_wconf 92' lang='lat' dir='ltr'><strong>non</strong></span> <span class='ocrx_word' id='word_1_87' title='bbox 885 1090 991 1170; x_wconf 86' lang='lat' dir='ltr'><strong>patiar</strong></span> <span class='ocrx_word' id='word_1_88' title='bbox 1011 1090 1051 1151; x_wconf 94' lang='lat' dir='ltr'><strong>iri</strong></span> <span class='ocrx_word' id='word_1_89' title='bbox 1071 1091 1247 1170; x_wconf 88' lang='lat' dir='ltr'><strong>perditum,</strong></span> <span class='ocrx_word' id='word_1_90' title='bbox 1268 1093 1324 1154; x_wconf 86' lang='lat' dir='ltr'><strong>sed</strong></span> <span class='ocrx_word' id='word_1_91' title='bbox 1354 1111 1434 1155; x_wconf 89' lang='lat' dir='ltr'><strong>eon-</strong></span> 
     </span>
     <span class='ocr_line' id='line_1_10' title="bbox 298 1184 1429 1268; baseline 0 -14"><span class='ocrx_word' id='word_1_92' title='bbox 298 1199 350 1255; x_wconf 89' lang='lat' dir='ltr'><strong>tra</strong></span> <span class='ocrx_word' id='word_1_93' title='bbox 370 1193 480 1254; x_wconf 81' lang='lat' dir='ltr'><strong>haheat</strong></span> <span class='ocrx_word' id='word_1_94' title='bbox 498 1190 597 1252; x_wconf 85' lang='lat' dir='ltr'><strong>vitum</strong></span> <span class='ocrx_word' id='word_1_95' title='bbox 615 1200 774 1252; x_wconf 82' lang='lat' dir='ltr'><strong>ueternum</strong></span> <span class='ocrx_word' id='word_1_96' title='bbox 796 1210 828 1253; x_wconf 81' lang='lat' dir='ltr'><strong>v.</strong></span> <span class='ocrx_word' id='word_1_97' title='bbox 839 1184 897 1268; x_wconf 88' lang='grc'><strong>40,</strong></span> <span class='ocrx_word' id='word_1_98' title='bbox 923 1190 1055 1253; x_wconf 87' lang='lat' dir='ltr'><strong>truatur</strong></span> <span class='ocrx_word' id='word_1_99' title='bbox 1074 1192 1224 1255; x_wconf 78' lang='lat' dir='ltr'><strong>uidelicet</strong></span> <span class='ocrx_word' id='word_1_100' title='bbox 1240 1191 1305 1255; x_wconf 87' lang='lat' dir='ltr'><strong>illis</strong></span> <span class='ocrx_word' id='word_1_101' title='bbox 1322 1193 1429 1255; x_wconf 86' lang='lat' dir='ltr'><strong>honis.</strong></span> 
     </span>
     <span class='ocr_line' id='line_1_11' title="bbox 297 1289 735 1369; baseline -0.014 -11"><span class='ocrx_word' id='word_1_102' title='bbox 297 1292 419 1358; x_wconf 79' lang='lat' dir='ltr'><strong>Confer</strong></span> <span class='ocrx_word' id='word_1_103' title='bbox 442 1292 490 1356; x_wconf 88' lang='lat' dir='ltr'><strong>lo.</strong></span> <span class='ocrx_word' id='word_1_104' title='bbox 520 1290 625 1369; x_wconf 84' lang='lat' dir='ltr'><strong>XVII,</strong></span> <span class='ocrx_word' id='word_1_105' title='bbox 648 1291 680 1356; x_wconf 80' lang='lat'><strong>2.</strong></span> <span class='ocrx_word' id='word_1_106' title='bbox 704 1289 735 1355; x_wconf 88' lang='grc'><strong>3.</strong></span> 
     </span>
    </p>

    <p class='ocr_par' dir='ltr' id='par_1_3' title="bbox 296 1391 1437 2988">
     <span class='ocr_line' id='line_1_12' title="bbox 377 1391 1433 1460; baseline -0.003 -1"><span class='ocrx_word' id='word_1_107' title='bbox 377 1414 431 1460; x_wconf 80' lang='lat' dir='ltr'><strong>vv.</strong></span> <span class='ocrx_word' id='word_1_108' title='bbox 453 1391 570 1460; x_wconf 72' lang='grc'><strong>38411.</strong></span> <span class='ocrx_word' id='word_1_109' title='bbox 593 1393 794 1457; x_wconf 82' lang='lat' dir='ltr'><strong>Postremum</strong></span> <span class='ocrx_word' id='word_1_110' title='bbox 814 1395 1003 1458; x_wconf 90' lang='lat' dir='ltr'><strong>sententiam</strong></span> <span class='ocrx_word' id='word_1_111' title='bbox 1023 1412 1138 1458; x_wconf 74' lang='lat' dir='ltr'><strong>versus</strong></span> <span class='ocrx_word' id='word_1_112' title='bbox 1150 1393 1191 1458; x_wconf 80' lang='lat'><strong>37</strong></span> <span class='ocrx_word' id='word_1_113' title='bbox 1205 1393 1352 1459; x_wconf 90' lang='lat' dir='ltr'><strong>Christus</strong></span> <span class='ocrx_word' id='word_1_114' title='bbox 1364 1395 1433 1456; x_wconf 92' lang='lat' dir='ltr'><strong>hoc</strong></span> 
     </span>
     <span class='ocr_line' id='line_1_13' title="bbox 296 1493 1429 1575; baseline -0.002 -18"><span class='ocrx_word' id='word_1_115' title='bbox 296 1500 489 1575; x_wconf 77' lang='lat' dir='ltr'><strong>argumento</strong></span> <span class='ocrx_word' id='word_1_116' title='bbox 515 1494 694 1557; x_wconf 84' lang='lat' dir='ltr'><strong>coufirmat:</strong></span> <span class='ocrx_word' id='word_1_117' title='bbox 720 1493 802 1556; x_wconf 85' lang='lat' dir='ltr'><strong>Veni</strong></span> <span class='ocrx_word' id='word_1_118' title='bbox 833 1500 872 1556; x_wconf 93' lang='lat' dir='ltr'><strong>ut</strong></span> <span class='ocrx_word' id='word_1_119' title='bbox 902 1513 1066 1575; x_wconf 82' lang='lat' dir='ltr'><strong>exsequar</strong></span> <span class='ocrx_word' id='word_1_120' title='bbox 1094 1495 1284 1574; x_wconf 79' lang='lat' dir='ltr'><strong>quodvult</strong></span> <span class='ocrx_word' id='word_1_121' title='bbox 1316 1493 1429 1556; x_wconf 85' lang='lat' dir='ltr'><strong>Pater.</strong></span> 
     </span>
     <span class='ocr_line' id='line_1_14' title="bbox 298 1592 1433 1677; baseline -0.004 -17"><span class='ocrx_word' id='word_1_122' title='bbox 298 1595 401 1677; x_wconf 79' lang='lat' dir='ltr'><strong>Atqui</strong></span> <span class='ocrx_word' id='word_1_123' title='bbox 420 1596 519 1659; x_wconf 85' lang='lat' dir='ltr'><strong>Pater</strong></span> <span class='ocrx_word' id='word_1_124' title='bbox 531 1597 604 1660; x_wconf 86' lang='lat' dir='ltr'><strong>vult</strong></span> <span class='ocrx_word' id='word_1_125' title='bbox 628 1602 666 1659; x_wconf 91' lang='lat' dir='ltr'><strong>ut</strong></span> <span class='ocrx_word' id='word_1_126' title='bbox 685 1614 773 1672; x_wconf 85' lang='lat' dir='ltr'><strong>eum,</strong></span> <span class='ocrx_word' id='word_1_127' title='bbox 792 1614 890 1676; x_wconf 89' lang='lat' dir='ltr'><strong>quem</strong></span> <span class='ocrx_word' id='word_1_128' title='bbox 907 1595 975 1676; x_wconf 89' lang='lat' dir='ltr'><strong>ipse</strong></span> <span class='ocrx_word' id='word_1_129' title='bbox 998 1593 1083 1657; x_wconf 84' lang='lat' dir='ltr'><strong>dedit</strong></span> <span class='ocrx_word' id='word_1_130' title='bbox 1104 1594 1196 1670; x_wconf 82' lang='lat' dir='ltr'><strong>mihi,</strong></span> <span class='ocrx_word' id='word_1_131' title='bbox 1214 1593 1271 1676; x_wconf 78' lang='lat' dir='ltr'><strong>qui</strong></span> <span class='ocrx_word' id='word_1_132' title='bbox 1289 1592 1373 1655; x_wconf 83' lang='lat' dir='ltr'><strong>videt</strong></span> <span class='ocrx_word' id='word_1_133' title='bbox 1393 1595 1433 1674; x_wconf 79' lang='lat' dir='ltr'><strong>fi·</strong></span> 
     </span>
     <span class='ocr_line' id='line_1_15' title="bbox 299 1694 1433 1777; baseline -0.001 -20"><span class='ocrx_word' id='word_1_134' title='bbox 299 1695 378 1758; x_wconf 83' lang='lat' dir='ltr'><strong>tium</strong></span> <span class='ocrx_word' id='word_1_135' title='bbox 405 1704 434 1758; x_wconf 93' lang='lat' dir='ltr'><strong>ct</strong></span> <span class='ocrx_word' id='word_1_136' title='bbox 459 1694 558 1758; x_wconf 88' lang='lat' dir='ltr'><strong>eredit</strong></span> <span class='ocrx_word' id='word_1_137' title='bbox 582 1695 619 1758; x_wconf 80' lang='lat' dir='ltr'><strong>ire</strong></span> <span class='ocrx_word' id='word_1_138' title='bbox 643 1716 723 1769; x_wconf 84' lang='lat' dir='ltr'><strong>cum,</strong></span> <span class='ocrx_word' id='word_1_139' title='bbox 744 1715 810 1757; x_wconf 83' lang='lat' dir='ltr'><strong>nore</strong></span> <span class='ocrx_word' id='word_1_140' title='bbox 828 1698 971 1777; x_wconf 61' lang='lat' dir='ltr'><strong>padum,</strong></span> <span class='ocrx_word' id='word_1_141' title='bbox 997 1698 1053 1759; x_wconf 85' lang='lat' dir='ltr'><strong>sed</strong></span> <span class='ocrx_word' id='word_1_142' title='bbox 1076 1697 1185 1758; x_wconf 84' lang='lat' dir='ltr'><strong>haheat</strong></span> <span class='ocrx_word' id='word_1_143' title='bbox 1207 1694 1306 1757; x_wconf 83' lang='lat' dir='ltr'><strong>citum</strong></span> <span class='ocrx_word' id='word_1_144' title='bbox 1332 1704 1433 1757; x_wconf 88' lang='lat' dir='ltr'><strong>ueter-</strong></span> 
     </span>
     <span class='ocr_line' id='line_1_16' title="bbox 300 1795 1429 1880; baseline -0.002 -19"><span class='ocrx_word' id='word_1_145' title='bbox 300 1816 376 1861; x_wconf 81' lang='lat' dir='ltr'><strong>teum</strong></span> <span class='ocrx_word' id='word_1_146' title='bbox 399 1805 432 1862; x_wconf 91' lang='lat' dir='ltr'><strong>et</strong></span> <span class='ocrx_word' id='word_1_147' title='bbox 453 1797 630 1861; x_wconf 72' lang='lat' dir='ltr'><strong>resuscitem</strong></span> <span class='ocrx_word' id='word_1_148' title='bbox 655 1817 734 1861; x_wconf 83' lang='lat' dir='ltr'><strong>eum.</strong></span> <span class='ocrx_word' id='word_1_149' title='bbox 757 1798 846 1878; x_wconf 79' lang='lat' dir='ltr'><strong>Ergo</strong></span> <span class='ocrx_word' id='word_1_150' title='bbox 866 1817 932 1859; x_wconf 81' lang='lat' dir='ltr'><strong>nore</strong></span> <span class='ocrx_word' id='word_1_151' title='bbox 957 1797 1083 1861; x_wconf 87' lang='lat' dir='ltr'><strong>eiiciom</strong></span> <span class='ocrx_word' id='word_1_152' title='bbox 1112 1801 1263 1880; x_wconf 80' lang='lat' dir='ltr'><strong>seruc-</strong></span> <span class='ocrx_word' id='word_1_153' title='bbox 1277 1795 1429 1859; x_wconf 86' lang='lat' dir='ltr'><strong>Notanda</strong></span> 
     </span>
     <span class='ocr_line' id='line_1_17' title="bbox 299 1894 1432 1980; baseline -0.004 -17"><span class='ocrx_word' id='word_1_154' title='bbox 299 1908 348 1964; x_wconf 92' lang='lat' dir='ltr'><strong>est</strong></span> <span class='ocrx_word' id='word_1_155' title='bbox 367 1920 524 1966; x_wconf 79' lang='lat' dir='ltr'><strong>versuum</strong></span> <span class='ocrx_word' id='word_1_156' title='bbox 545 1898 587 1966; x_wconf 83' lang='lat'><strong>39</strong></span> <span class='ocrx_word' id='word_1_157' title='bbox 607 1908 639 1963; x_wconf 90' lang='lat' dir='ltr'><strong>et</strong></span> <span class='ocrx_word' id='word_1_158' title='bbox 661 1894 703 1966; x_wconf 82' lang='grc'><strong>40</strong></span> <span class='ocrx_word' id='word_1_159' title='bbox 725 1900 926 1978; x_wconf 82' lang='lat' dir='ltr'><strong>similitudo,</strong></span> <span class='ocrx_word' id='word_1_160' title='bbox 951 1919 1036 1979; x_wconf 88' lang='lat' dir='ltr'><strong>qnae</strong></span> <span class='ocrx_word' id='word_1_161' title='bbox 1057 1901 1089 1961; x_wconf 92' lang='lat' dir='ltr'><strong>in</strong></span> <span class='ocrx_word' id='word_1_162' title='bbox 1113 1918 1230 1980; x_wconf 81' lang='lat' dir='ltr'><strong>graeco</strong></span> <span class='ocrx_word' id='word_1_163' title='bbox 1250 1898 1432 1978; x_wconf 85' lang='lat' dir='ltr'><strong>exemplari</strong></span> 
     </span>
     <span class='ocr_line' id='line_1_18' title="bbox 299 2000 1433 2082; baseline -0.004 -18"><span class='ocrx_word' id='word_1_164' title='bbox 299 2002 479 2066; x_wconf 81' lang='lat' dir='ltr'><strong>euidentior</strong></span> <span class='ocrx_word' id='word_1_165' title='bbox 498 2009 561 2082; x_wconf 81' lang='lat' dir='ltr'><strong>est3</strong></span> <span class='ocrx_word' id='word_1_166' title='bbox 585 2002 705 2082; x_wconf 85' lang='lat' dir='ltr'><strong>duplici</strong></span> <span class='ocrx_word' id='word_1_167' title='bbox 727 2020 867 2082; x_wconf 91' lang='lat' dir='ltr'><strong>namque</strong></span> <span class='ocrx_word' id='word_1_168' title='bbox 893 2003 1017 2064; x_wconf 90' lang='lat' dir='ltr'><strong>ratione</strong></span> <span class='ocrx_word' id='word_1_169' title='bbox 1037 2001 1234 2064; x_wconf 90' lang='lat' dir='ltr'><strong>considerari</strong></span> <span class='ocrx_word' id='word_1_170' title='bbox 1253 2000 1277 2061; x_wconf 93' lang='lat' dir='ltr'><strong>ii</strong></span> <span class='ocrx_word' id='word_1_171' title='bbox 1295 2002 1433 2080; x_wconf 78' lang='lat' dir='ltr'><strong>possunt</strong></span> 
     </span>
     <span class='ocr_line' id='line_1_19' title="bbox 300 2101 1433 2185; baseline -0.005 -18"><span class='ocrx_word' id='word_1_172' title='bbox 300 2104 357 2185; x_wconf 92' lang='lat' dir='ltr'><strong>qui</strong></span> <span class='ocrx_word' id='word_1_173' title='bbox 381 2105 514 2169; x_wconf 81' lang='lat' dir='ltr'><strong>veniunt</strong></span> <span class='ocrx_word' id='word_1_174' title='bbox 536 2103 577 2166; x_wconf 80' lang='lat' dir='ltr'><strong>sd</strong></span> <span class='ocrx_word' id='word_1_175' title='bbox 600 2101 776 2179; x_wconf 85' lang='lat' dir='ltr'><strong>Christum,</strong></span> <span class='ocrx_word' id='word_1_176' title='bbox 798 2109 837 2164; x_wconf 89' lang='lat' dir='ltr'><strong>ut</strong></span> <span class='ocrx_word' id='word_1_177' title='bbox 860 2103 917 2182; x_wconf 93' lang='lat' dir='ltr'><strong>qui</strong></span> <span class='ocrx_word' id='word_1_178' title='bbox 936 2103 996 2182; x_wconf 87' lang='lat' dir='ltr'><strong>ipsi</strong></span> <span class='ocrx_word' id='word_1_179' title='bbox 1019 2121 1038 2163; x_wconf 86' lang='lat' dir='ltr'><strong>a</strong></span> <span class='ocrx_word' id='word_1_180' title='bbox 1058 2109 1152 2182; x_wconf 90' lang='lat' dir='ltr'><strong>patre</strong></span> <span class='ocrx_word' id='word_1_181' title='bbox 1176 2101 1305 2178; x_wconf 90' lang='lat' dir='ltr'><strong>dentur,</strong></span> <span class='ocrx_word' id='word_1_182' title='bbox 1326 2107 1433 2179; x_wconf 92' lang='lat' dir='ltr'><strong>utque</strong></span> 
     </span>
     <span class='ocr_line' id='line_1_20' title="bbox 299 2201 1432 2287; baseline -0.004 -19"><span class='ocrx_word' id='word_1_183' title='bbox 299 2206 358 2286; x_wconf 94' lang='lat' dir='ltr'><strong>qni</strong></span> <span class='ocrx_word' id='word_1_184' title='bbox 377 2207 409 2266; x_wconf 95' lang='lat' dir='ltr'><strong>in</strong></span> <span class='ocrx_word' id='word_1_185' title='bbox 428 2205 534 2287; x_wconf 88' lang='lat' dir='ltr'><strong>ipsum</strong></span> <span class='ocrx_word' id='word_1_186' title='bbox 557 2203 701 2279; x_wconf 87' lang='lat' dir='ltr'><strong>credant,</strong></span> <span class='ocrx_word' id='word_1_187' title='bbox 724 2201 870 2266; x_wconf 90' lang='lat' dir='ltr'><strong>Christus</strong></span> <span class='ocrx_word' id='word_1_188' title='bbox 884 2222 978 2281; x_wconf 81' lang='lat' dir='ltr'><strong>vero,</strong></span> <span class='ocrx_word' id='word_1_189' title='bbox 993 2203 1033 2266; x_wconf 94' lang='lat' dir='ltr'><strong>de</strong></span> <span class='ocrx_word' id='word_1_190' title='bbox 1050 2204 1100 2266; x_wconf 90' lang='lat' dir='ltr'><strong>his</strong></span> <span class='ocrx_word' id='word_1_191' title='bbox 1118 2203 1231 2266; x_wconf 91' lang='lat' dir='ltr'><strong>eadem</strong></span> <span class='ocrx_word' id='word_1_192' title='bbox 1249 2202 1432 2266; x_wconf 90' lang='lat' dir='ltr'><strong>secundnm</strong></span> 
     </span>
     <span class='ocr_line' id='line_1_21' title="bbox 300 2302 1433 2387; baseline -0.004 -17"><span class='ocrx_word' id='word_1_193' title='bbox 300 2315 474 2387; x_wconf 91' lang='lat' dir='ltr'><strong>utramque</strong></span> <span class='ocrx_word' id='word_1_194' title='bbox 488 2306 645 2368; x_wconf 89' lang='lat' dir='ltr'><strong>rationem</strong></span> <span class='ocrx_word' id='word_1_195' title='bbox 659 2306 837 2382; x_wconf 87' lang='lat' dir='ltr'><strong>enuntians,</strong></span> <span class='ocrx_word' id='word_1_196' title='bbox 856 2305 981 2385; x_wconf 89' lang='lat' dir='ltr'><strong>plenius</strong></span> <span class='ocrx_word' id='word_1_197' title='bbox 994 2306 1139 2383; x_wconf 70' lang='lat' dir='ltr'><strong>jostendit</strong></span> <span class='ocrx_word' id='word_1_198' title='bbox 1157 2324 1193 2367; x_wconf 91' lang='lat' dir='ltr'><strong>se</strong></span> <span class='ocrx_word' id='word_1_199' title='bbox 1213 2322 1277 2366; x_wconf 92' lang='lat' dir='ltr'><strong>non</strong></span> <span class='ocrx_word' id='word_1_200' title='bbox 1296 2302 1336 2366; x_wconf 91' lang='lat' dir='ltr'><strong>de</strong></span> <span class='ocrx_word' id='word_1_201' title='bbox 1355 2302 1433 2365; x_wconf 87' lang='lat' dir='ltr'><strong>aliis</strong></span> 
     </span>
     <span class='ocr_line' id='line_1_22' title="bbox 299 2403 1430 2488; baseline -0.005 -17"><span class='ocrx_word' id='word_1_202' title='bbox 299 2415 400 2488; x_wconf 90' lang='lat' dir='ltr'><strong>atque</strong></span> <span class='ocrx_word' id='word_1_203' title='bbox 419 2407 502 2484; x_wconf 85' lang='lat' dir='ltr'><strong>aliis,</strong></span> <span class='ocrx_word' id='word_1_204' title='bbox 524 2406 579 2469; x_wconf 89' lang='lat' dir='ltr'><strong>sed</strong></span> <span class='ocrx_word' id='word_1_205' title='bbox 601 2406 725 2468; x_wconf 90' lang='lat' dir='ltr'><strong>dennis</strong></span> <span class='ocrx_word' id='word_1_206' title='bbox 745 2414 844 2485; x_wconf 91' lang='lat' dir='ltr'><strong>atque</strong></span> <span class='ocrx_word' id='word_1_207' title='bbox 864 2406 977 2469; x_wconf 89' lang='lat' dir='ltr'><strong>iisdem</strong></span> <span class='ocrx_word' id='word_1_208' title='bbox 995 2406 1097 2486; x_wconf 92' lang='lat' dir='ltr'><strong>loqui.</strong></span> <span class='ocrx_word' id='word_1_209' title='bbox 1110 2403 1326 2480; x_wconf 83' lang='lat' dir='ltr'><strong>-Quorsum</strong></span> <span class='ocrx_word' id='word_1_210' title='bbox 1344 2403 1430 2466; x_wconf 93' lang='lat' dir='ltr'><strong>illud</strong></span> 
     </span>
     <span class='ocr_line' id='line_1_23' title="bbox 301 2503 1430 2586; baseline -0.002 -18"><span class='ocrx_word' id='word_1_211' title='bbox 301 2506 397 2580; x_wconf 83' lang='lat' dir='ltr'><strong>videt,</strong></span> <span class='ocrx_word' id='word_1_212' title='bbox 412 2507 569 2586; x_wconf 80' lang='lat' dir='ltr'><strong>intelliges</strong></span> <span class='ocrx_word' id='word_1_213' title='bbox 590 2524 633 2568; x_wconf 82' lang='lat' dir='ltr'><strong>ex</strong></span> <span class='ocrx_word' id='word_1_214' title='bbox 652 2506 716 2568; x_wconf 90' lang='lat' dir='ltr'><strong>illis</strong></span> <span class='ocrx_word' id='word_1_215' title='bbox 731 2526 815 2586; x_wconf 89' lang='lat' dir='ltr'><strong>quae</strong></span> <span class='ocrx_word' id='word_1_216' title='bbox 830 2507 970 2568; x_wconf 82' lang='lat' dir='ltr'><strong>diximus</strong></span> <span class='ocrx_word' id='word_1_217' title='bbox 994 2507 1033 2568; x_wconf 91' lang='lat' dir='ltr'><strong>de</strong></span> <span class='ocrx_word' id='word_1_218' title='bbox 1047 2527 1079 2572; x_wconf 88' lang='lat' dir='ltr'><strong>v.</strong></span> <span class='ocrx_word' id='word_1_219' title='bbox 1094 2503 1430 2570; x_wconf 79' lang='lat' dir='ltr'><strong>36.-Animadverte</strong></span> 
     </span>
     <span class='ocr_line' id='line_1_24' title="bbox 302 2604 1432 2688; baseline -0.004 -18"><span class='ocrx_word' id='word_1_220' title='bbox 302 2614 341 2670; x_wconf 92' lang='lat' dir='ltr'><strong>ut</strong></span> <span class='ocrx_word' id='word_1_221' title='bbox 361 2605 520 2684; x_wconf 88' lang='lat' dir='ltr'><strong>Christus,</strong></span> <span class='ocrx_word' id='word_1_222' title='bbox 543 2606 625 2668; x_wconf 93' lang='lat' dir='ltr'><strong>hanc</strong></span> <span class='ocrx_word' id='word_1_223' title='bbox 645 2608 873 2687; x_wconf 90' lang='lat' dir='ltr'><strong>propositionis</strong></span> <span class='ocrx_word' id='word_1_224' title='bbox 893 2607 1123 2688; x_wconf 81' lang='lat' dir='ltr'><strong>expolitionem</strong></span> <span class='ocrx_word' id='word_1_225' title='bbox 1144 2605 1349 2681; x_wconf 82' lang='lat' dir='ltr'><strong>concludens,</strong></span> <span class='ocrx_word' id='word_1_226' title='bbox 1365 2604 1432 2666; x_wconf 89' lang='lat' dir='ltr'><strong>iam</strong></span> 
     </span>
     <span class='ocr_line' id='line_1_25' title="bbox 301 2705 1435 2791; baseline -0.003 -20"><span class='ocrx_word' id='word_1_227' title='bbox 301 2708 502 2791; x_wconf 86' lang='lat' dir='ltr'><strong>apertissime</strong></span> <span class='ocrx_word' id='word_1_228' title='bbox 520 2709 622 2788; x_wconf 91' lang='lat' dir='ltr'><strong>ipsam</strong></span> <span class='ocrx_word' id='word_1_229' title='bbox 642 2727 712 2771; x_wconf 87' lang='lat' dir='ltr'><strong>rem</strong></span> <span class='ocrx_word' id='word_1_230' title='bbox 724 2710 900 2789; x_wconf 89' lang='lat' dir='ltr'><strong>loquatur:</strong></span> <span class='ocrx_word' id='word_1_231' title='bbox 920 2707 985 2784; x_wconf 76' lang='lat' dir='ltr'><strong>Qut</strong></span> <span class='ocrx_word' id='word_1_232' title='bbox 995 2756 1003 2770; x_wconf 95' lang='lat'><strong>.</strong></span> <span class='ocrx_word' id='word_1_233' title='bbox 1016 2755 1023 2769; x_wconf 97' lang='lat'><strong>.</strong></span> <span class='ocrx_word' id='word_1_234' title='bbox 1036 2757 1044 2771; x_wconf 94' lang='lat'><strong>.</strong></span> <span class='ocrx_word' id='word_1_235' title='bbox 1057 2707 1201 2771; x_wconf 74' lang='lat' dir='ltr'><strong>creditis</strong></span> <span class='ocrx_word' id='word_1_236' title='bbox 1221 2725 1302 2779; x_wconf 83' lang='lat' dir='ltr'><strong>eum,</strong></span> <span class='ocrx_word' id='word_1_237' title='bbox 1321 2705 1435 2768; x_wconf 78' lang='lat' dir='ltr'><strong>hahent</strong></span> 
     </span>
     <span class='ocr_line' id='line_1_26' title="bbox 302 2807 1437 2889; baseline -0.001 -19"><span class='ocrx_word' id='word_1_238' title='bbox 302 2808 401 2872; x_wconf 85' lang='lat' dir='ltr'><strong>citam</strong></span> <span class='ocrx_word' id='word_1_239' title='bbox 423 2816 594 2881; x_wconf 76' lang='lat' dir='ltr'><strong>ueternum,</strong></span> <span class='ocrx_word' id='word_1_240' title='bbox 619 2808 792 2889; x_wconf 82' lang='lat' dir='ltr'><strong>addetque,</strong></span> <span class='ocrx_word' id='word_1_241' title='bbox 818 2828 858 2871; x_wconf 94' lang='lat' dir='ltr'><strong>ne</strong></span> <span class='ocrx_word' id='word_1_242' title='bbox 883 2811 954 2889; x_wconf 93' lang='lat' dir='ltr'><strong>quis</strong></span> <span class='ocrx_word' id='word_1_243' title='bbox 980 2810 1065 2872; x_wconf 86' lang='lat' dir='ltr'><strong>torte</strong></span> <span class='ocrx_word' id='word_1_244' title='bbox 1088 2811 1169 2872; x_wconf 90' lang='lat' dir='ltr'><strong>haec</strong></span> <span class='ocrx_word' id='word_1_245' title='bbox 1188 2825 1361 2889; x_wconf 84' lang='lat' dir='ltr'><strong>perperam</strong></span> <span class='ocrx_word' id='word_1_246' title='bbox 1385 2807 1437 2869; x_wconf 90' lang='lat' dir='ltr'><strong>in-</strong></span> 
     </span>
     <span class='ocr_line' id='line_1_27' title="bbox 303 2906 1219 2988; baseline -0.002 -17"><span class='ocrx_word' id='word_1_247' title='bbox 303 2909 439 2988; x_wconf 77' lang='lat' dir='ltr'><strong>telligat:</strong></span> <span class='ocrx_word' id='word_1_248' title='bbox 469 2906 512 2968; x_wconf 87' lang='lat' dir='ltr'><strong>Et</strong></span> <span class='ocrx_word' id='word_1_249' title='bbox 535 2926 588 2986; x_wconf 75' lang='lat' dir='ltr'><strong>epo</strong></span> <span class='ocrx_word' id='word_1_250' title='bbox 611 2907 800 2970; x_wconf 82' lang='lat' dir='ltr'><strong>resuscitabo</strong></span> <span class='ocrx_word' id='word_1_251' title='bbox 819 2928 887 2971; x_wconf 82' lang='lat' dir='ltr'><strong>euru</strong></span> <span class='ocrx_word' id='word_1_252' title='bbox 907 2908 944 2970; x_wconf 80' lang='lat' dir='ltr'><strong>ire</strong></span> <span class='ocrx_word' id='word_1_253' title='bbox 967 2907 1137 2970; x_wconf 81' lang='lat' dir='ltr'><strong>novissimo</strong></span> <span class='ocrx_word' id='word_1_254' title='bbox 1160 2906 1219 2969; x_wconf 86' lang='lat' dir='ltr'><strong>dic.</strong></span> 
     </span>
    </p>

    <p class='ocr_par' dir='ltr' id='par_1_4' title="bbox 303 3005 1434 3396">
     <span class='ocr_line' id='line_1_28' title="bbox 383 3005 1434 3091; baseline 0 -19"><span class='ocrx_word' id='word_1_255' title='bbox 383 3029 436 3074; x_wconf 85' lang='lat' dir='ltr'><strong>vv.</strong></span> <span class='ocrx_word' id='word_1_256' title='bbox 459 3005 508 3077; x_wconf 82' lang='lat' dir='ltr'><strong>tt.</strong></span> <span class='ocrx_word' id='word_1_257' title='bbox 530 3006 580 3075; x_wconf 77' lang='grc'><strong>42.</strong></span> <span class='ocrx_word' id='word_1_258' title='bbox 604 3009 717 3074; x_wconf 91' lang='lat' dir='ltr'><strong>Iudaei</strong></span> <span class='ocrx_word' id='word_1_259' title='bbox 738 3012 865 3075; x_wconf 87' lang='lat' dir='ltr'><strong>tandem</strong></span> <span class='ocrx_word' id='word_1_260' title='bbox 878 3011 1062 3091; x_wconf 81' lang='lat' dir='ltr'><strong>intelligunt</strong></span> <span class='ocrx_word' id='word_1_261' title='bbox 1080 3010 1246 3075; x_wconf 80' lang='lat' dir='ltr'><strong>Christum</strong></span> <span class='ocrx_word' id='word_1_262' title='bbox 1269 3009 1309 3071; x_wconf 88' lang='lat' dir='ltr'><strong>de</strong></span> <span class='ocrx_word' id='word_1_263' title='bbox 1328 3028 1364 3071; x_wconf 90' lang='lat' dir='ltr'><strong>se</strong></span> <span class='ocrx_word' id='word_1_264' title='bbox 1384 3008 1434 3072; x_wconf 92' lang='lat' dir='ltr'><strong>lo·</strong></span> 
     </span>
     <span class='ocr_line' id='line_1_29' title="bbox 303 3109 1433 3194; baseline -0.004 -20"><span class='ocrx_word' id='word_1_265' title='bbox 303 3112 373 3194; x_wconf 93' lang='lat' dir='ltr'><strong>qni.</strong></span> <span class='ocrx_word' id='word_1_266' title='bbox 395 3109 604 3175; x_wconf 86' lang='lat' dir='ltr'><strong>Murmurant</strong></span> <span class='ocrx_word' id='word_1_267' title='bbox 630 3132 720 3193; x_wconf 79' lang='lat' dir='ltr'><strong>ergo,</strong></span> <span class='ocrx_word' id='word_1_268' title='bbox 748 3132 813 3177; x_wconf 93' lang='lat' dir='ltr'><strong>non</strong></span> <span class='ocrx_word' id='word_1_269' title='bbox 836 3113 966 3193; x_wconf 91' lang='lat' dir='ltr'><strong>quidem</strong></span> <span class='ocrx_word' id='word_1_270' title='bbox 987 3112 1027 3174; x_wconf 92' lang='lat' dir='ltr'><strong>de</strong></span> <span class='ocrx_word' id='word_1_271' title='bbox 1050 3131 1089 3175; x_wconf 90' lang='lat' dir='ltr'><strong>co</strong></span> <span class='ocrx_word' id='word_1_272' title='bbox 1111 3111 1198 3191; x_wconf 93' lang='lat' dir='ltr'><strong>qnod</strong></span> <span class='ocrx_word' id='word_1_273' title='bbox 1223 3112 1249 3174; x_wconf 92' lang='lat' dir='ltr'><strong>is</strong></span> <span class='ocrx_word' id='word_1_274' title='bbox 1272 3129 1307 3173; x_wconf 91' lang='lat' dir='ltr'><strong>se</strong></span> <span class='ocrx_word' id='word_1_275' title='bbox 1315 3128 1433 3190; x_wconf 77' lang='lat' dir='ltr'><strong>purtem</strong></span> 
     </span>
     <span class='ocr_line' id='line_1_30' title="bbox 303 3210 1434 3294; baseline -0.005 -16"><span class='ocrx_word' id='word_1_276' title='bbox 303 3233 386 3292; x_wconf 88' lang='lat' dir='ltr'><strong>esse,</strong></span> <span class='ocrx_word' id='word_1_277' title='bbox 408 3215 464 3276; x_wconf 90' lang='lat' dir='ltr'><strong>sed</strong></span> <span class='ocrx_word' id='word_1_278' title='bbox 484 3213 572 3294; x_wconf 91' lang='lat' dir='ltr'><strong>qnod</strong></span> <span class='ocrx_word' id='word_1_279' title='bbox 595 3215 631 3275; x_wconf 92' lang='lat' dir='ltr'><strong>de</strong></span> <span class='ocrx_word' id='word_1_280' title='bbox 651 3214 736 3276; x_wconf 84' lang='lat' dir='ltr'><strong>coeto</strong></span> <span class='ocrx_word' id='word_1_281' title='bbox 759 3213 948 3276; x_wconf 82' lang='lat' dir='ltr'><strong>descendisse</strong></span> <span class='ocrx_word' id='word_1_282' title='bbox 972 3213 1101 3276; x_wconf 85' lang='lat' dir='ltr'><strong>dixerit.</strong></span> <span class='ocrx_word' id='word_1_283' title='bbox 1128 3212 1228 3276; x_wconf 87' lang='lat' dir='ltr'><strong>Recte</strong></span> <span class='ocrx_word' id='word_1_284' title='bbox 1247 3230 1325 3292; x_wconf 83' lang='lat' dir='ltr'><strong>ergo</strong></span> <span class='ocrx_word' id='word_1_285' title='bbox 1339 3210 1434 3275; x_wconf 88' lang='lat' dir='ltr'><strong>Chri-</strong></span> 
     </span>
     <span class='ocr_line' id='line_1_31' title="bbox 305 3315 900 3396; baseline 0.002 -18"><span class='ocrx_word' id='word_1_286' title='bbox 305 3316 347 3378; x_wconf 87' lang='lat' dir='ltr'><strong>sti</strong></span> <span class='ocrx_word' id='word_1_287' title='bbox 364 3316 551 3379; x_wconf 88' lang='lat' dir='ltr'><strong>sententiam</strong></span> <span class='ocrx_word' id='word_1_288' title='bbox 575 3315 706 3378; x_wconf 86' lang='lat' dir='ltr'><strong>fuerant</strong></span> <span class='ocrx_word' id='word_1_289' title='bbox 725 3317 900 3396; x_wconf 87' lang='lat' dir='ltr'><strong>assequuti.</strong></span> 
     </span>
    </p>

    <p class='ocr_par' dir='ltr' id='par_1_5' title="bbox 306 3409 1437 3902">
     <span class='ocr_line' id='line_1_32' title="bbox 385 3409 1432 3498; baseline -0.005 -18"><span class='ocrx_word' id='word_1_290' title='bbox 385 3436 438 3480; x_wconf 77' lang='lat' dir='ltr'><strong>vv.</strong></span> <span class='ocrx_word' id='word_1_291' title='bbox 460 3409 509 3484; x_wconf 82' lang='grc'><strong>43.</strong></span> <span class='ocrx_word' id='word_1_292' title='bbox 533 3414 583 3482; x_wconf 89' lang='grc'><strong>44.</strong></span> <span class='ocrx_word' id='word_1_293' title='bbox 610 3415 647 3478; x_wconf 95' lang='lat' dir='ltr'><strong>ld</strong></span> <span class='ocrx_word' id='word_1_294' title='bbox 668 3417 755 3497; x_wconf 93' lang='lat' dir='ltr'><strong>quod</strong></span> <span class='ocrx_word' id='word_1_295' title='bbox 776 3415 895 3481; x_wconf 87' lang='lat' dir='ltr'><strong>Christi</strong></span> <span class='ocrx_word' id='word_1_296' title='bbox 916 3418 1079 3498; x_wconf 89' lang='lat' dir='ltr'><strong>responsio</strong></span> <span class='ocrx_word' id='word_1_297' title='bbox 1101 3415 1299 3479; x_wconf 83' lang='lat' dir='ltr'><strong>manifestius</strong></span> <span class='ocrx_word' id='word_1_298' title='bbox 1323 3414 1432 3479; x_wconf 87' lang='lat' dir='ltr'><strong>efficit.</strong></span> 
     </span>
     <span class='ocr_line' id='line_1_33' title="bbox 306 3515 1433 3597; baseline -0.001 -17"><span class='ocrx_word' id='word_1_299' title='bbox 306 3515 422 3596; x_wconf 87' lang='lat' dir='ltr'><strong>Neque</strong></span> <span class='ocrx_word' id='word_1_300' title='bbox 435 3517 519 3578; x_wconf 88' lang='lat' dir='ltr'><strong>enim</strong></span> <span class='ocrx_word' id='word_1_301' title='bbox 540 3535 594 3580; x_wconf 88' lang='lat' dir='ltr'><strong>eos</strong></span> <span class='ocrx_word' id='word_1_302' title='bbox 608 3518 712 3597; x_wconf 88' lang='lat' dir='ltr'><strong>carpit</strong></span> <span class='ocrx_word' id='word_1_303' title='bbox 729 3524 767 3581; x_wconf 93' lang='lat' dir='ltr'><strong>nt</strong></span> <span class='ocrx_word' id='word_1_304' title='bbox 784 3518 841 3597; x_wconf 91' lang='lat' dir='ltr'><strong>qui</strong></span> <span class='ocrx_word' id='word_1_305' title='bbox 863 3537 927 3582; x_wconf 93' lang='lat' dir='ltr'><strong>non</strong></span> <span class='ocrx_word' id='word_1_306' title='bbox 946 3519 1165 3581; x_wconf 86' lang='lat' dir='ltr'><strong>intellexerint</strong></span> <span class='ocrx_word' id='word_1_307' title='bbox 1185 3536 1269 3597; x_wconf 90' lang='lat' dir='ltr'><strong>quae</strong></span> <span class='ocrx_word' id='word_1_308' title='bbox 1290 3516 1433 3594; x_wconf 85' lang='lat' dir='ltr'><strong>dixerat,</strong></span> 
     </span>
     <span class='ocr_line' id='line_1_34' title="bbox 306 3618 1434 3700; baseline -0.002 -19"><span class='ocrx_word' id='word_1_309' title='bbox 306 3618 362 3681; x_wconf 87' lang='lat' dir='ltr'><strong>sed</strong></span> <span class='ocrx_word' id='word_1_310' title='bbox 382 3619 471 3698; x_wconf 93' lang='lat' dir='ltr'><strong>quod</strong></span> <span class='ocrx_word' id='word_1_311' title='bbox 490 3624 745 3696; x_wconf 85' lang='lat' dir='ltr'><strong>murmurarent,</strong></span> <span class='ocrx_word' id='word_1_312' title='bbox 763 3638 974 3700; x_wconf 84' lang='lat' dir='ltr'><strong>caussamque</strong></span> <span class='ocrx_word' id='word_1_313' title='bbox 989 3621 1084 3683; x_wconf 90' lang='lat' dir='ltr'><strong>docet</strong></span> <span class='ocrx_word' id='word_1_314' title='bbox 1103 3638 1175 3697; x_wconf 87' lang='lat' dir='ltr'><strong>cnr,</strong></span> <span class='ocrx_word' id='word_1_315' title='bbox 1191 3637 1276 3698; x_wconf 86' lang='lat' dir='ltr'><strong>quae</strong></span> <span class='ocrx_word' id='word_1_316' title='bbox 1291 3619 1434 3694; x_wconf 83' lang='lat' dir='ltr'><strong>dixerat,</strong></span> 
     </span>
     <span class='ocr_line' id='line_1_35' title="bbox 306 3719 1437 3800; baseline 0 -18"><span class='ocrx_word' id='word_1_317' title='bbox 306 3719 447 3782; x_wconf 88' lang='lat' dir='ltr'><strong>difficssia</strong></span> <span class='ocrx_word' id='word_1_318' title='bbox 468 3720 594 3783; x_wconf 90' lang='lat' dir='ltr'><strong>creditu</strong></span> <span class='ocrx_word' id='word_1_319' title='bbox 613 3720 689 3800; x_wconf 92' lang='lat' dir='ltr'><strong>ipsis</strong></span> <span class='ocrx_word' id='word_1_320' title='bbox 713 3721 894 3785; x_wconf 87' lang='lat' dir='ltr'><strong>videantur.</strong></span> <span class='ocrx_word' id='word_1_321' title='bbox 916 3720 999 3784; x_wconf 88' lang='lat' dir='ltr'><strong>Tum</strong></span> <span class='ocrx_word' id='word_1_322' title='bbox 1023 3721 1187 3784; x_wconf 86' lang='lat' dir='ltr'><strong>concludit</strong></span> <span class='ocrx_word' id='word_1_323' title='bbox 1206 3721 1239 3782; x_wconf 91' lang='lat' dir='ltr'><strong>id</strong></span> <span class='ocrx_word' id='word_1_324' title='bbox 1259 3719 1437 3800; x_wconf 86' lang='lat' dir='ltr'><strong>repetendo</strong></span> 
     </span>
     <span class='ocr_line' id='line_1_36' title="bbox 308 3817 1394 3902; baseline 0 -19"><span class='ocrx_word' id='word_1_325' title='bbox 308 3838 373 3899; x_wconf 92' lang='lat' dir='ltr'><strong>quo</strong></span> <span class='ocrx_word' id='word_1_326' title='bbox 396 3821 565 3899; x_wconf 85' lang='lat' dir='ltr'><strong>superiora</strong></span> <span class='ocrx_word' id='word_1_327' title='bbox 588 3821 802 3884; x_wconf 86' lang='lat' dir='ltr'><strong>concluserat.</strong></span> <span class='ocrx_word' id='word_1_328' title='bbox 828 3820 913 3901; x_wconf 84' lang='lat' dir='ltr'><strong>Lege</strong></span> <span class='ocrx_word' id='word_1_329' title='bbox 935 3821 1183 3902; x_wconf 85' lang='lat' dir='ltr'><strong>explicationem</strong></span> <span class='ocrx_word' id='word_1_330' title='bbox 1203 3837 1317 3885; x_wconf 79' lang='lat' dir='ltr'><strong>versus</strong></span> <span class='ocrx_word' id='word_1_331' title='bbox 1339 3817 1394 3883; x_wconf 82' lang='lat'><strong>37.</strong></span> 
     </span>
    </p>

    <p class='ocr_par' dir='ltr' id='par_1_6' title="bbox 387 3914 1438 4003">
     <span class='ocr_line' id='line_1_37' title="bbox 387 3914 1438 4003; baseline -0.004 -18"><span class='ocrx_word' id='word_1_332' title='bbox 387 3941 419 3985; x_wconf 82' lang='lat' dir='ltr'><strong>v.</strong></span> <span class='ocrx_word' id='word_1_333' title='bbox 441 3914 491 3986; x_wconf 86' lang='grc'><strong>45.</strong></span> <span class='ocrx_word' id='word_1_334' title='bbox 517 3919 711 3985; x_wconf 86' lang='lat' dir='ltr'><strong>Declaratur</strong></span> <span class='ocrx_word' id='word_1_335' title='bbox 726 3923 812 4002; x_wconf 91' lang='lat' dir='ltr'><strong>qnid</strong></span> <span class='ocrx_word' id='word_1_336' title='bbox 832 3923 873 3984; x_wconf 90' lang='lat' dir='ltr'><strong>sit</strong></span> <span class='ocrx_word' id='word_1_337' title='bbox 887 3921 971 3984; x_wconf 82' lang='lat' dir='ltr'><strong>trahi</strong></span> <span class='ocrx_word' id='word_1_338' title='bbox 995 3943 1015 3984; x_wconf 86' lang='lat' dir='ltr'><strong>a</strong></span> <span class='ocrx_word' id='word_1_339' title='bbox 1023 3931 1126 4003; x_wconf 84' lang='lat' dir='ltr'><strong>patre.</strong></span> <span class='ocrx_word' id='word_1_340' title='bbox 1150 3919 1356 3992; x_wconf 69' lang='lat' dir='ltr'><strong>hirsutior,</strong></span> <span class='ocrx_word' id='word_1_341' title='bbox 1378 3921 1438 4000; x_wconf 90' lang='lat' dir='ltr'><strong>qui</strong></span> 
     </span>
    </p>
   </div>
   <div class='ocr_carea' id='block_1_2' title="bbox 309 4022 1439 4208">
    <p class='ocr_par' dir='ltr' id='par_1_7' title="bbox 309 4022 1439 4208">
     <span class='ocr_line' id='line_1_38' title="bbox 311 4022 1438 4114; baseline 0 -29"><span class='ocrx_word' id='word_1_342' title='bbox 311 4022 401 4085; x_wconf 79' lang='lat' dir='ltr'><strong>audit</strong></span> <span class='ocrx_word' id='word_1_343' title='bbox 423 4044 444 4086; x_wconf 90' lang='lat' dir='ltr'><strong>u</strong></span> <span class='ocrx_word' id='word_1_344' title='bbox 467 4023 563 4087; x_wconf 85' lang='lat' dir='ltr'><strong>Putre</strong></span> <span class='ocrx_word' id='word_1_345' title='bbox 591 4033 620 4086; x_wconf 90' lang='lat' dir='ltr'><strong>ct</strong></span> <span class='ocrx_word' id='word_1_346' title='bbox 646 4023 749 4087; x_wconf 86' lang='lat' dir='ltr'><strong>discit.</strong></span> <span class='ocrx_word' id='word_1_347' title='bbox 778 4023 873 4088; x_wconf 88' lang='lat' dir='ltr'><strong>Fides</strong></span> <span class='ocrx_word' id='word_1_348' title='bbox 901 4025 1023 4114; x_wconf 85' lang='lat' dir='ltr'><strong>donum</strong></span> <span class='ocrx_word' id='word_1_349' title='bbox 1051 4030 1101 4087; x_wconf 89' lang='lat' dir='ltr'><strong>cst</strong></span> <span class='ocrx_word' id='word_1_350' title='bbox 1122 4022 1209 4103; x_wconf 94' lang='lat' dir='ltr'><strong>qnod</strong></span> <span class='ocrx_word' id='word_1_351' title='bbox 1229 4022 1286 4086; x_wconf 92' lang='lat' dir='ltr'><strong>uni</strong></span> <span class='ocrx_word' id='word_1_352' title='bbox 1310 4022 1438 4102; x_wconf 75' lang='lat' dir='ltr'><strong>gratiam</strong></span> 
     </span>
     <span class='ocr_line' id='line_1_39' title="bbox 309 4120 1439 4208; baseline 0.002 -23"><span class='ocrx_word' id='word_1_353' title='bbox 309 4124 436 4191; x_wconf 82' lang='lat' dir='ltr'><strong>divinae</strong></span> <span class='ocrx_word' id='word_1_354' title='bbox 461 4132 629 4207; x_wconf 89' lang='lat' dir='ltr'><strong>acceptum</strong></span> <span class='ocrx_word' id='word_1_355' title='bbox 653 4127 834 4193; x_wconf 87' lang='lat' dir='ltr'><strong>referamus</strong></span> <span class='ocrx_word' id='word_1_356' title='bbox 861 4132 1001 4208; x_wconf 88' lang='lat' dir='ltr'><strong>oportet.</strong></span> <span class='ocrx_word' id='word_1_357' title='bbox 1019 4123 1081 4188; x_wconf 87' lang='lat' dir='ltr'><strong>llle</strong></span> <span class='ocrx_word' id='word_1_358' title='bbox 1104 4123 1207 4200; x_wconf 83' lang='lat' dir='ltr'><strong>cudit,</strong></span> <span class='ocrx_word' id='word_1_359' title='bbox 1228 4141 1327 4204; x_wconf 90' lang='lat' dir='ltr'><strong>quem</strong></span> <span class='ocrx_word' id='word_1_360' title='bbox 1345 4120 1439 4188; x_wconf 78' lang='lat' dir='ltr'><strong>heus</strong></span> 
     </span>
    </p>
   </div>
   <div class='ocr_carea' id='block_1_3' title="bbox 0 0 1509 4912">
    <p class='ocr_par' dir='ltr' id='par_1_8' title="bbox 0 0 1509 4912">
     <span class='ocr_line' id='line_1_40' title="bbox 0 0 1509 4912; baseline 0 0"><span class='ocrx_word' id='word_1_361' title='bbox 0 0 1509 4912; x_wconf 95' lang='lat' dir='ltr'><strong> </strong></span> 
     </span>
    </p>
   </div>
  </div>
 </body>
</html>
