2986 4912
532 304 638 354 cucur
662 286 832 365 tlensium
854 303 992 353 intutu·
1262 291 1325 361 129

276 387 310 467 ”8
338 391 410 469 ΑΙίἰ
424 405 549 469 autem
562 393 730 492 discipuli
745 393 889 492 navigio
904 406 1093 469 venerunt:
1108 391 1204 494 (non
1223 397 1322 486 enim

175 523 283 620 longe
310 535 415 596 eraut
446 546 467 595 a
497 535 607 608 terra,
635 523 706 598 sed
728 522 832 623 quasi
860 521 993 597 cubitis
1025 522 1227 625 ducentis)
1250 537 1321 601 tra·

176 650 309 724 hentes
341 662 420 724 rete
449 649 620 747 piscium.

282 771 308 851 9
335 774 384 851 Vt
410 800 497 874 ergo
519 775 785 851 descenderunt
803 775 839 848 in
869 788 1022 863 terram,
1047 778 1217 853 viderunt
1237 804 1320 879 prn-

173 929 240 980 nas
272 905 424 1004 positas,
439 916 477 977 et
495 904 633 1002 piscem
652 903 936 1002 superpositum,
960 918 999 979 et
1030 928 1179 1004 panem.
1328 988 1332 994 ,

285 1026 336 1108 10
363 1031 459 1107 Dicit
477 1032 531 1107 eis
550 1032 666 1107 lesus:
686 1031 826 1106 Afferte
844 1031 889 1106 de
909 1032 1086 1130 piscibus,
1101 1058 1193 1132 quos
1211 1058 1322 1133 pren·

179 1160 320 1236 didistis
348 1185 458 1235 nnuc.
1331 1245 1333 1251 ¹

284 1280 329 1363 11
360 1286 535 1362 Ascendit
562 1286 686 1364 Simon
716 1287 1220 1385 Petrus,ett1·axit1·ctein
1245 1302 1322 1364 ter-

174 1440 268 1502 ram,
286 1416 433 1515 plenum
454 1417 594 1513 magnis
617 1415 778 1514 piscibus
796 1429 945 1491 centum
966 1419 1231 1517 quinquaginta
1254 1417 1322 1492 tri·

174 1544 258 1620 bus.
287 1543 337 1620 llt
364 1569 447 1619 cum
476 1545 568 1620 tanti
605 1556 743 1633 essent,
771 1569 843 1620 non
875 1560 934 1621 est
961 1547 1116 1621 scissum
1144 1560 1237 1622 rete.

284 1665 334 1746 12
361 1671 457 1748 Dicit
475 1672 529 1746 eis
549 1672 662 1745 lesus:
688 1669 832 1757 Venite,
852 1673 1043 1771 prandete.
1064 1672 1113 1748 llt
1131 1697 1239 1749 nemo
1254 1698 1321 1750 au·

175 1801 286 1877 debat
313 1800 620 1876 discumbentium
648 1800 873 1900 interrogare
902 1823 1016 1877 oum:
1045 1800 1101 1878 Tu
1142 1803 1224 1902 quis
1252 1799 1320 1878 es?

177 1929 348 2016 scientes,
367 1929 452 2028 quia
480 1927 657 2002 Dominus
684 1937 753 2003 est.

286 2051 335 2132 13
363 2055 412 2134 Et
439 2056 541 2131 venit
559 2056 677 2143 lesus,
696 2069 735 2131 et
762 2055 897 2154 accipit
930 2080 1077 2155 panem,
1106 2070 1144 2131 et
1170 2057 1234 2132 dat
1252 2055 1320 2143 eis,

176 2200 215 2262 ot
242 2187 382 2286 piscem
415 2185 596 2260 similiter.

283 2307 334 2390 lt
361 2312 439 2392 Hoc
470 2313 543 2388 iam
573 2311 684 2391 tertio
716 2313 973 2389 manifestatus
992 2326 1049 2390 est
1082 2313 1184 2388 lesus
1206 2312 1317 2390 disci·

172 2442 270 2542 pulis
293 2441 368 2517 suis
397 2464 482 2516 eum
517 2440 782 2517 resurrexisset
808 2441 1022 2516 amortuis.

282 2564 331 2646 15
358 2569 451 2646 Cum
470 2594 557 2667 ergo
573 2570 816 2668 prandissent,
836 2569 925 2644 dicit
944 2569 1082 2645 Simoni
1111 2569 1222 2646 Petro
1250 2571 1314 2645 le·

171 2724 246 2776 sus:
267 2699 392 2779 Simon
419 2699 564 2774 loannis
582 2698 700 2796 diligis
718 2722 778 2777 me
797 2698 879 2797 plus
897 2695 977 2775 his?
1005 2696 1102 2775 Dicit
1120 2700 1167 2773 ei:
1189 2697 1311 2781 Etiam

173 2826 339 2914 Domine,
372 2840 414 2903 tu
445 2827 517 2902 scis
549 2829 634 2926 quia
661 2849 745 2901 amo
778 2838 829 2901 tc.
864 2825 961 2910 Dicit
988 2827 1035 2901 ei:
1067 2825 1179 2901 Pasce
1200 2850 1315 2924 agnos

176 2979 293 3035 aneos.

280 3076 330 3157 16
359 3080 454 3157 Dicit
473 3080 507 3158 ei
522 3081 668 3157 iterum:
693 3079 819 3157 Simon
838 3079 997 3167 loannis,
1015 3081 1135 3180 diligis
1154 3079 1237 3158 mc?
1252 3080 1340 3179 Ait,

171 3209 243 3287 illi:
283 3208 404 3289 Etiam
439 3208 609 3296 Domine,
638 3223 678 3285 tu
706 3209 778 3285 scis
804 3207 889 3308 quia
926 3233 1009 3288 amo
1047 3223 1097 3286 te.
1132 3207 1229 3288 Dicit
1256 3211 1315 3285 ei:

172 3337 285 3413 Pasce
313 3363 426 3436 agnos
454 3362 569 3412 meos.

280 3458 328 3539 17
358 3465 454 3540 Dicit
469 3466 502 3539 ci
518 3465 640 3541 tortio:
662 3463 786 3540 Simon
803 3465 962 3549 loannis,
987 3487 1089 3537 amas
1109 3461 1200 3539 me?
1219 3462 1317 3539 Con·

170 3595 339 3671 tristatus
358 3607 416 3668 est
435 3593 581 3681 Petrus,
604 3595 687 3692 quia
718 3594 810 3669 dixit
829 3594 862 3668 ei
884 3593 1010 3677 tertio,
1030 3591 1143 3668 Arnas
1163 3590 1246 3667 mc?
1276 3607 1315 3668 et

169 3721 262 3797 dixit
280 3721 327 3796 eit
356 3720 507 3795 Domino
542 3733 583 3795 tu
611 3721 732 3794 omnia
752 3720 865 3794 nosti:
889 3732 928 3796 tu
957 3721 1028 3794 scis
1052 3719 1136 3818 quia
1157 3743 1242 3794 amo
1262 3733 1314 3795 te.

170 3848 272 3925 Dixit
300 3852 347 3923 ei:
375 3849 487 3924 Pasce
518 3873 606 3924 oves
634 3873 750 3923 meas.

278 3971 328 4049 18
357 3979 489 4060 Amen,
508 4001 612 4052 nmen
634 3977 713 4052 dico
738 3976 816 4050 tibi:
844 3999 1048 4051 cumesses
1077 3976 1210 4063 iunior,
1241 3977 1319 4050 ciu-

170 4105 281 4204 gebas
310 4119 362 4193 te,
381 4121 420 4183 ot
449 4107 659 4183 ambulabas
675 4106 735 4181 ubi
762 4104 920 4180 volebas:
942 4129 1025 4180 cum
1047 4117 1172 4180 autem
1188 4126 1320 4180 senue-

1129 4246 1189 4316 lb*
