2986 4912
535 336 636 409 clear
660 341 801 391 oacruvn
824 341 952 389 sarava
1250 328 1314 396 189

253 444 284 488 v.
307 424 338 490 3.
362 424 496 502 Caussa,
512 445 573 488 our
589 427 733 488 homines
754 427 786 488 in
802 424 922 490 Christi
941 427 1115 508 discipulos
1136 431 1180 492 ita
1201 434 1308 514 acturi

172 527 248 603 sint,
272 527 379 590 denuo
400 528 588 608 significata,

253 648 284 691 v.
307 627 339 695 lt.
362 631 442 692 haec
465 631 560 692 tertia
582 630 738 693 sermonis
759 649 834 710 pars
857 631 1075 694 concluditur.

254 727 306 793 Ad
327 736 478 809 quartam
498 732 654 794 sermonis
675 741 799 811 partam
822 730 968 796 Christus
987 733 1112 807 transit,
1129 753 1214 813 quac
1236 754 1312 801 oon-

173 831 297 894 tinetur
317 833 467 895 versibus
487 829 535 895 5-
548 831 609 910 lii,
632 839 664 895 ct
685 834 716 894 in
738 851 802 912 qua
832 834 982 913 loquitur
1013 835 1053 895 dc
1079 835 1170 898 abitu
1189 855 1250 899 suo
1271 836 1312 899 ad

174 938 315 1013 patrem,
339 935 474 997 atinde
496 935 690 1016 paraclitum
716 935 756 996 ad
777 935 952 1015 discipulos
973 936 1088 998 mittat.

256 1053 289 1098 v.
314 1031 344 1098 5.
369 1033 509 1112 Transit,
533 1037 678 1115 inquam,
701 1056 764 1099 non
786 1037 938 1115 transilit3
954 1037 1015 1099 hoc
1035 1037 1120 1099 enim
1141 1055 1240 1100 versu
1260 1057 1311 1116 ea,

175 1153 261 1216 quae
282 1142 476 1215 sequuntur,
497 1137 721 1216 superioribus
741 1137 888 1199 conuecti
908 1143 1043 1217 apparet
1056 1149 1097 1199 ex'
1111 1139 1312 1218 oppositione

174 1238 354 1300 verborum
385 1236 541 1300 vobiscum
572 1256 657 1300 cram
682 1244 715 1300 et
734 1240 827 1300 oudo.
848 1273 889 1285 -
910 1237 1132 1317 Quoadusque
1164 1237 1313 1303 Christus

176 1355 254 1399 oum
282 1337 446 1418 discipulis
468 1345 517 1401 est
536 1345 778 1415 commoratus,
801 1357 930 1401 necesse
959 1358 1024 1401 non
1056 1339 1117 1401 luit
1137 1358 1192 1402 cos
1214 1339 1257 1402 de
1274 1341 1312 1402 iis

173 1433 381 1512 praemoneri
402 1451 486 1512 quae
507 1434 655 1514 proxime
676 1433 761 1495 dicta
782 1439 869 1513 sunt3
885 1452 978 1496 secus
992 1452 1072 1495 vcro
1093 1452 1191 1509 nuuc,
1208 1452 1312 1512 quum

174 1532 324 1596 Christus
346 1534 386 1595 ab
407 1535 452 1596 cis
474 1535 623 1596 abiturus
643 1540 701 1596 cst.
713 1567 754 1578 -
768 1532 863 1597 Nemo
883 1553 923 1594 cu
942 1531 1028 1594 codis
1050 1532 1226 1613 iuterropot
1245 1553 1311 1611 mc,

178 1631 249 1709 Quo
271 1634 373 1697 vodis.
397 1633 441 1698 At
461 1636 612 1714 superius
628 1633 669 1715 (l)
690 1634 722 1695 id
743 1653 819 1696 eum
840 1632 957 1697 Petrus
971 1634 1242 1714 interrogaverat.
1264 1633 1313 1699 lta

174 1754 269 1816 ver03
291 1736 347 1798 sed
369 1735 516 1801 Christus
537 1755 600 1798 uon
620 1736 666 1798 ait
685 1735 844 1797 nemiuem
863 1733 1084 1814 iuterroposse,
1103 1735 1159 1798 sed
1179 1734 1314 1798 iuterro-

175 1854 264 1915 pore,
287 1838 393 1918 deque
414 1829 623 1916 adloquitur
644 1836 732 1915 quod
753 1841 842 1911 tunc,
858 1854 961 1914 quum
982 1837 1061 1898 haec
1082 1836 1219 1912 diceret,
1243 1837 1315 1900 lieri

169 1943 336 2022 parerat.
361 1935 445 2000 Tum
467 1937 643 2000 verborum
664 1955 775 1999 sensus
796 1935 822 1998 is
843 1953 913 1998 esse
927 1934 1070 2012 videtur,
1094 1943 1133 1998 ut
1153 1934 1313 2013 Christus,

175 2037 233 2100 ubi
254 2038 335 2101 haec
356 2038 449 2101 dixit:
472 2037 516 2100 Et
535 2020 719 2099 uuuc'oodo
739 2038 782 2098 od
802 2054 870 2099 eum
890 2035 946 2116 qui
965 2035 1053 2098 misit
1072 2055 1131 2110 me,
1158 2039 1313 2118 tantisper

176 2138 318 2216 siluerit,
331 2145 520 2220 exspectans
536 2137 775 2218 quodammodo
797 2135 971 2217 discipulos
992 2142 1030 2198 ut
1050 2137 1154 2216 ipsum
1174 2138 1314 2202 iuterro-

172 2246 287 2319 gareut
306 2259 372 2320 quo
394 2246 477 2303 essct
496 2241 616 2315 iturus,
640 2256 809 2318 quumque
828 2256 923 2300 nemo
944 2237 974 2299 id
999 2237 1133 2314 iaceret,
1150 2239 1207 2300 sed
1227 2257 1315 2302 moe·

170 2359 249 2404 rore
263 2343 304 2404 oh
319 2342 388 2405 eius
403 2342 526 2405 abitum
547 2341 765 2415 allicerentur,
782 2339 825 2401 ita
841 2345 1064 2420 prosequutus
1086 2346 1147 2402 est:
1165 2337 1208 2401 Et
1225 2359 1314 2403 ucmo
1401 2407 1406 2415 ,

171 2460 212 2502 co
231 2441 318 2504 vodis
337 2441 513 2522 iuterropot
532 2461 592 2515 me,
617 2439 686 2516 Quo
706 2439 810 2514 vodis,

256 2561 287 2604 v.
310 2541 340 2607 o.
364 2544 432 2619 sed,
457 2543 569 2606 audito
591 2543 765 2618 meahire,
788 2541 896 2604 tristes
916 2541 1001 2604 estis.

253 2660 284 2704 s.
308 2642 339 2706 7.
362 2641 417 2705 Me
441 2648 547 2705 tamen
577 2641 668 2704 abire
689 2641 780 2704 vobis
810 2641 895 2704 bono
927 2642 999 2704 erit.
1024 2639 1076 2704 Sic
1100 2641 1184 2704 enim
1205 2660 1224 2704 a
1243 2640 1314 2706 Deo

174 2744 388 2807 constitutum
411 2744 531 2821 lucrat,
553 2750 592 2808 ut
612 2741 751 2826 Spiritus
771 2749 912 2818 sanctus,
936 2743 993 2823 qui
1008 2739 1128 2805 Christi
1148 2743 1313 2824 discipulis

173 2843 297 2907 dandus
319 2851 411 2921 erat,
435 2847 498 2908 non
519 2845 653 2909 daretur
674 2845 734 2914 nisi
754 2851 826 2925 post
846 2845 946 2925 ipsius
969 2842 1089 2906 Christi
1109 2844 1250 2907 reditum
1271 2847 1313 2908 ad

173 2952 310 3025 patrem.
335 2943 455 3010 Confer
476 2945 522 3008 lo.
544 2944 618 3022 Vll,
640 2944 692 3011 39.

252 3064 305 3109 vv.
323 3045 433 3111 8-11.
453 3045 545 3122 Quod
558 3056 661 3109 autem
674 3044 827 3126 sequitur,
839 3044 944 3124 inquit
959 3042 1172 3124 Augustinus
1186 3045 1314 3109 Etcum

171 3146 293 3208 acuerit
312 3147 379 3221 itte,
395 3155 428 3211 et
448 3156 568 3226 cetera,
586 3156 744 3228 tamquam
757 3147 857 3207 solum
870 3143 912 3208 sit
921 3155 1084 3225 peccatum
1104 3165 1170 3209 uou
1191 3134 1313 3211 credere

171 3247 209 3310 io
234 3246 403 3323 Christum,
425 3259 454 3311 et
467 3259 627 3330 tamquam
640 3247 710 3328 ipso
730 3247 772 3312 sit
792 3245 917 3309 iustitio
937 3266 1003 3308 uou
1017 3246 1122 3310 uidere
1140 3247 1310 3324 Christum,

173 3359 202 3410 ct
225 3360 383 3432 tamquam
397 3349 499 3430 ipsum
513 3349 555 3411 sit
567 3346 722 3411 iudicium
736 3350 818 3430 quod
832 3347 982 3429 princeps
1003 3348 1097 3411 huius
1114 3350 1238 3424 muudi,
1254 3352 1310 3413 hoo

172 3457 218 3511 cst
239 3449 396 3525 diodolus,
416 3449 482 3512 iam
502 3449 663 3512 iudicatus
684 3458 740 3523 est,
762 3450 853 3511 ooide
874 3450 1059 3514 latebrosum
1079 3459 1133 3512 cst.

250 3549 422 3633 Duplioem
453 3553 533 3614 haec
564 3551 654 3613 nohis
686 3550 818 3631 pariunt
848 3551 1090 3629 quaestionem,
1113 3553 1249 3615 alteram
1271 3552 1310 3616 do

173 3651 249 3732 ipsis
270 3653 379 3729 rebus,
402 3654 539 3716 alteram
560 3651 600 3714 de
621 3670 734 3713 rerum
755 3650 851 3713 modo
873 3669 911 3712 ac
932 3651 1074 3727 ratione,
1098 3652 1177 3732 quid
1196 3653 1313 3717 videli-

172 3759 225 3816 eet
246 3773 284 3816 ca
305 3755 390 3830 siut,
413 3771 557 3833 quorum
577 3759 615 3815 ut
636 3750 774 3832 Spiritus
795 3757 925 3815 sanctus
947 3752 1104 3814 mundum
1131 3761 1307 3834 coarguat,

173 3853 245 3917 fore
266 3855 477 3933 praedicitur,
501 3860 534 3916 et
554 3853 718 3932 quomodo
739 3852 770 3912 id
793 3852 848 3914 ille
865 3852 906 3914 sit
920 3860 1175 3930 exsequuturus.

250 3954 321 4017 Hoc
341 3956 483 4018 altorum
504 3955 583 4016 nihil
604 3955 700 4016 hahet
721 3953 928 4015 difficultatis.
952 3952 1033 4015 Eam
1049 3954 1132 4016 euim
1148 3974 1228 4032 rcm,
1251 3956 1312 4018 sic-

172 4061 210 4117 ut
233 4054 435 4134 Augustinus
465 4055 692 4134 ait‚,apostoli
713 4052 837 4135 Spiritu
858 4060 968 4117 sancto
984 4054 1108 4138 repleti
1133 4055 1313 4138 eodemque

242 4192 276 4258 up
297 4195 335 4244 ιο.
356 4194 428 4261 xor,
446 4192 488 4245 sa.
