2986 4912
569 316 902 369 mmmmm
1254 304 1324 375 :ffl

206 464 208 469 .
257 420 289 468 v.
310 398 361 469 23.
383 399 498 468 Brevis
519 401 600 468 haec
622 403 741 470 Christi
762 405 880 482 oratio,
903 421 989 485 quac
1009 406 1194 472 continetur
1215 411 1317 492 versi-

176 503 238 571 bus
258 503 378 583 2328,
401 511 522 569 attente
544 507 776 570 consideranda
790 512 849 570 est.
867 505 1028 585 Christus,
1044 516 1177 589 rogatus
1191 510 1232 573 ab
1246 509 1315 574 An-

175 609 257 672 drea
277 614 311 687 et
330 607 482 691 Philippo
502 614 541 672 ut
560 609 681 674 sineret
701 611 742 673 ad
762 610 869 692 ipsum
889 609 979 673 adire
996 611 1071 675 illos
1093 609 1235 677 Graecos
1257 615 1316 692 qui

176 710 284 792 ipsum
304 729 438 775 noscere
458 712 618 787 avebant,
639 730 745 792 neque
766 711 879 775 annuit
898 730 959 775 nec
978 713 1109 790 renuit,
1141 715 1247 779 multo
1268 722 1315 779 ta·

178 828 253 874 men
272 811 347 893 plus
367 812 529 893 praestitit
548 831 647 892 quam
668 814 864 893 rogabatnr3
880 813 1043 876 nonenim
1056 814 1130 877 illos
1152 816 1193 877 ad
1214 817 1317 880 collo·

177 913 294 993 quium
314 912 464 991 admisit,
486 913 542 976 sed
563 914 671 977 edecit
690 921 749 991 ut,
773 914 905 994 quinam
924 913 993 995 ipse
1014 919 1119 990 esset,
1141 916 1243 996 patris
1263 919 1316 981 sui

178 1015 360 1078 testimonio
381 1015 516 1078 caelitus
537 1014 625 1092 dato,
650 1021 720 1078 tum
740 1016 789 1077 illi
810 1020 881 1079 tum
901 1016 1014 1093 ceteri,
1036 1022 1200 1097 quotquot
1219 1037 1314 1099 prae·

180 1120 285 1179 sentes
316 1115 472 1192 aderant,
508 1116 677 1180 manifeste
708 1117 935 1197 comperirent.
968 1117 1154 1198 Respondet
1171 1120 1316 1198 quidem

182 1213 333 1279 Andreae
354 1220 387 1278 et
407 1214 569 1296 Philippo,
591 1216 716 1296 hosque
737 1217 930 1297 alloquitur,
952 1236 1017 1282 non
1038 1224 1145 1306 tamen
1166 1226 1312 1297 secreto,

180 1316 238 1379 sed
259 1315 304 1379 ita
324 1321 363 1379 ut
382 1334 492 1379 omncs
513 1317 656 1397 audiant3
678 1319 725 1381 sic
745 1318 830 1380 enim
843 1319 911 1400 ipsa
926 1319 1077 1384 materies
1091 1321 1225 1384 credere
1240 1341 1315 1386 sua-

183 1416 249 1479 det.
272 1413 403 1479 Patrem
422 1416 506 1481 illud
526 1418 744 1481 testimonium
757 1437 837 1481 mox
850 1437 882 1482 v.
897 1416 940 1484 28
951 1426 1127 1500 rogaturus
1141 1423 1315 1487 exorditur

182 1515 292 1580 dicens
312 1516 422 1580 bmcm
442 1517 608 1581 advenisse
622 1526 659 1579 ot
671 1516 862 1596 clarificetur
875 1518 961 1597 fitius
974 1518 1120 1583 bominis.
1136 1521 1223 1585 Talis
1236 1523 1316 1586 tora

181 1625 273 1683 certe
292 1619 349 1682 ille
369 1619 436 1683 dies
455 1620 573 1683 merito
587 1619 740 1683 dicendus
754 1626 853 1699 atque
867 1620 1033 1684 habendus
1047 1629 1130 1699 erat,
1151 1629 1221 1687 tum
1237 1624 1314 1703 quia

179 1721 296 1804 populi
315 1739 493 1786 concursus
514 1739 552 1785 ac
574 1720 680 1799 lavor,
703 1737 769 1800 quo
791 1727 955 1807 exceptus·
969 1722 1037 1803 ipse
1057 1740 1096 1785 eo
1118 1723 1169 1787 die
1191 1724 1312 1803 tuerat,

181 1823 386 1904 praeclaram
406 1822 581 1886 admodum
600 1823 685 1903 patri
706 1823 881 1904 praebebat
901 1823 1103 1886 occasionem
1123 1825 1164 1886 ad
1185 1827 1247 1889 boc
1269 1831 1315 1889 to-

179 1923 368 1987 stimonium
389 1923 545 2000 dandum,
568 1928 639 1985 tum
659 1924 757 1986 ctiam
778 1924 855 2003 quia
875 1924 989 1988 eodem
1009 1924 1068 1987 illo
1090 1925 1141 1987 die
1161 1924 1315 1990 Hieroso·

179 2024 304 2108 lpmam
325 2021 473 2088 Christus
493 2024 566 2088 ideo
587 2016 775 2102 advenerat,
796 2030 836 2087 ut
855 2043 937 2107 opus
951 2043 1049 2087 suum
1063 2032 1316 2102 consummaret,

179 2125 354 2207 sicutipse
374 2124 540 2206 protessus
560 2129 655 2188 antea
677 2124 787 2189 iuerat
801 2122 866 2206 tl),
899 2125 1084 2205 iterumque
1109 2125 1222 2206 paullo
1243 2132 1318 2207 post

183 2245 216 2291 v.
238 2223 279 2291 27
299 2225 466 2307 professus
486 2232 545 2289 est.
845 2292 848 2297 ,
980 2282 983 2287 .
1177 2258 1183 2263 -

264 2344 297 2390 r.
319 2322 369 2391 24.
391 2325 498 2390 lluins
518 2344 634 2391 versus
653 2328 687 2390 in
708 2345 824 2408 graeco
855 2327 1035 2408 exemplari
1065 2346 1140 2409 pars
1171 2334 1247 2392 sunt
1277 2347 1319 2393 ca

184 2445 271 2506 quae
291 2426 460 2508 exemplar
480 2427 618 2490 latinum
638 2428 737 2491 habet
755 2428 845 2491 initio
866 2445 980 2492 versus
995 2428 1189 2508 insequentis
1210 2438 1320 2509 usque

181 2527 225 2589 ad
244 2527 383 2592 uerbum
403 2529 504 2610 offer&
526 2536 565 2593 ut
584 2530 664 2593 haec
684 2529 848 2611 prioribus
867 2529 1056 2611 iungantur,
1071 2529 1141 2612 ipsa
1160 2531 1318 2595 sententia

182 2626 316 2709 tlagitat.
340 2627 498 2712 Apprime
517 2631 602 2695 illud
621 2631 799 2695 notandum
819 2637 879 2706 est,
901 2637 940 2693 ut
960 2628 1128 2707 Christus,
1151 2631 1258 2694 statim
1278 2650 1320 2695 ac

180 2730 310 2794 dixerat
329 2730 439 2794 dmum
458 2733 569 2795 adesse
589 2739 628 2796 ut
647 2732 717 2813 ipse
737 2732 918 2795 testimonio
940 2733 1040 2813 patris
1061 2730 1314 2812 clarificaretur,

183 2838 218 2895 et
237 2838 410 2911 antequam
430 2831 462 2894 id
482 2838 609 2913 patrem
630 2838 773 2913 rogaret,
794 2833 919 2909 mortis,
935 2833 1197 2915 quamproxime
1211 2833 1320 2897 obitu-

184 2951 244 2997 rus
264 2940 347 3010 erat,
369 2934 563 2997 mentionem
584 2934 715 2998 iniicere
735 2935 798 2997 bac
818 2935 996 2999 verborum
1015 2934 1239 2999 immutatione
1260 2952 1319 2998 vo-

184 3034 298 3111 luerit,
320 3035 443 3099 scilicet
463 3041 502 3098 ut
521 3035 722 3100 audientium
742 3035 864 3099 animos
884 3037 1050 3100 antithesis
1070 3036 1127 3098 illa
1147 3035 1319 3099 ineffabilis

178 3135 385 3217 percelleret,
407 3153 506 3215 qnam
526 3136 588 3199 hae
609 3136 693 3200 duae
713 3136 860 3199 notiones
880 3136 1083 3199 consociatae
1104 3136 1317 3216 praeferunt,

183 3234 245 3300 Dei
266 3237 352 3300 tilius
372 3244 523 3300 mortuus
544 3255 606 3318 pro
626 3238 820 3302 bominibus.
842 3235 964 3300 Recole
985 3254 1070 3316 quae
1095 3237 1320 3302 annotavimus

184 3337 220 3399 in
239 3333 360 3412 10.111,
381 3333 432 3402 tl.
456 3334 650 3417 significatio
664 3344 774 3402 autem
788 3337 966 3401 verborum
979 3337 1226 3399 immutatorum
1239 3337 1322 3400 baec

184 3443 258 3515 est,
287 3434 453 3502 Christum
473 3437 558 3500 mori
578 3455 707 3501 neccsse
728 3456 797 3500 esse
818 3439 860 3500 ad
880 3437 934 3514 id,
966 3443 1005 3499 ut
1024 3443 1226 3517 proventura
1245 3436 1321 3499 inde

186 3541 271 3602 bona
291 3539 523 3620 percipiantur.
546 3538 639 3603 Hanc
658 3539 827 3620 proximae
847 3538 961 3602 mortis
976 3556 1055 3601 suae
1068 3537 1321 3618 praedictionem

186 3636 336 3704 Christus
356 3639 469 3720 paullo
490 3645 564 3720 post
578 3658 609 3703 v.
624 3637 665 3703 32
678 3639 818 3702 iteravit.
835 3635 897 3702 Cui
910 3637 1122 3719 praedictioni
1137 3643 1321 3718 opportune

187 3739 364 3804 admodum
386 3739 551 3804 faciendae
570 3740 664 3803 locus
683 3738 745 3801 luit
758 3739 876 3820 procul
890 3738 988 3801 dubio
1003 3737 1110 3800 statim
1124 3736 1166 3799 ab
1179 3735 1322 3799 adventu
1363 3780 1366 3786 ,

188 3842 224 3904 in
243 3841 359 3905 urbem
380 3842 486 3920 abque
506 3859 624 3922 pompa
644 3840 702 3902 illa
723 3838 913 3919 triumphali
934 3857 999 3919 qua
1019 3843 1175 3918 exceptus
1196 3835 1316 3899 iuerat.

271 3961 326 4006 vv.
348 3938 398 4005 25.
420 3939 472 4006 26.
494 3939 544 4006 Ne
566 3941 727 4025 discipuli,
749 3940 915 4003 audientes
935 3943 1074 4003 mortem
1094 3937 1247 4018 magistro
1260 3955 1321 3999 suo

189 4042 358 4103 imminere
373 4044 515 4104 animum
531 4041 759 4121 despondeant,
773 4038 921 4104 Christus
935 4044 1120 4119 praecuret,
1134 4043 1318 4116 monetque,

259 4186 1228 4300 (mmmmmmnmmmmmmt
